time,bid,ask,last,volume,time_msc,flags,volume_real
1740537466,0.89319,0.89332,0.0,0,1740537466197,4,0.0
1740537469,0.8932,0.89332,0.0,0,1740537469268,130,0.0
1740537470,0.8932,0.89333,0.0,0,1740537470272,4,0.0
1740537471,0.89321,0.89333,0.0,0,1740537471103,130,0.0
1740537471,0.89321,0.89334,0.0,0,1740537471860,4,0.0
1740537472,0.89323,0.89336,0.0,0,1740537472748,134,0.0
1740537474,0.89321,0.89334,0.0,0,1740537474247,134,0.0
1740537474,0.89319,0.89332,0.0,0,1740537474284,134,0.0
1740537474,0.89317,0.8933,0.0,0,1740537474420,134,0.0
1740537475,0.89316,0.89329,0.0,0,1740537475560,134,0.0
1740537476,0.89317,0.89329,0.0,0,1740537476754,130,0.0
1740537477,0.89315,0.89327,0.0,0,1740537477292,134,0.0
1740537478,0.89314,0.89327,0.0,0,1740537478381,130,0.0
1740537479,0.89314,0.89326,0.0,0,1740537479393,4,0.0
1740537480,0.89313,0.89326,0.0,0,1740537480461,130,0.0
1740537481,0.89315,0.89328,0.0,0,1740537481808,134,0.0
1740537482,0.89313,0.89326,0.0,0,1740537482980,134,0.0
1740537484,0.89312,0.89324,0.0,0,1740537484022,134,0.0
1740537485,0.89313,0.89326,0.0,0,1740537485363,134,0.0
1740537490,0.89313,0.89325,0.0,0,1740537490621,4,0.0
1740537494,0.89314,0.89326,0.0,0,1740537494930,134,0.0
1740537496,0.89314,0.89327,0.0,0,1740537496092,4,0.0
1740537498,0.89315,0.89327,0.0,0,1740537498118,130,0.0
1740537500,0.89314,0.89327,0.0,0,1740537500944,130,0.0
1740537502,0.89313,0.89325,0.0,0,1740537502479,134,0.0
1740537505,0.89315,0.89327,0.0,0,1740537505888,134,0.0
1740537506,0.89316,0.89329,0.0,0,1740537506923,134,0.0
1740537513,0.89315,0.89328,0.0,0,1740537513308,134,0.0
1740537514,0.89316,0.89329,0.0,0,1740537514602,134,0.0
1740537516,0.89317,0.89329,0.0,0,1740537516609,130,0.0
1740537517,0.89318,0.8933,0.0,0,1740537517283,134,0.0
1740537518,0.89317,0.8933,0.0,0,1740537518347,130,0.0
1740537518,0.89315,0.89328,0.0,0,1740537518634,134,0.0
1740537519,0.89314,0.89327,0.0,0,1740537519239,134,0.0
1740537521,0.89313,0.89326,0.0,0,1740537521102,134,0.0
1740537521,0.89312,0.89325,0.0,0,1740537521604,134,0.0
1740537522,0.89313,0.89325,0.0,0,1740537522674,130,0.0
1740537526,0.89311,0.89324,0.0,0,1740537526398,134,0.0
1740537536,0.89311,0.89323,0.0,0,1740537536531,4,0.0
1740537537,0.89311,0.89324,0.0,0,1740537537663,4,0.0
1740537539,0.89312,0.89324,0.0,0,1740537539412,130,0.0
1740537540,0.89312,0.89324,0.0,0,1740537540428,130,0.0
1740537544,0.89311,0.89324,0.0,0,1740537544715,130,0.0
1740537549,0.8931,0.89323,0.0,0,1740537549128,134,0.0
1740537549,0.89309,0.89322,0.0,0,1740537549977,134,0.0
1740537550,0.89309,0.89321,0.0,0,1740537550994,4,0.0
1740537555,0.89307,0.89319,0.0,0,1740537555658,134,0.0
1740537556,0.89307,0.8932,0.0,0,1740537556672,4,0.0
1740537557,0.89308,0.8932,0.0,0,1740537557676,130,0.0
1740537558,0.89308,0.89321,0.0,0,1740537558639,4,0.0
1740537560,0.89308,0.8932,0.0,0,1740537560035,4,0.0
1740537562,0.89307,0.8932,0.0,0,1740537562896,130,0.0
1740537564,0.89308,0.8932,0.0,0,1740537564569,130,0.0
1740537567,0.89308,0.89321,0.0,0,1740537567839,4,0.0
1740537568,0.89308,0.8932,0.0,0,1740537568845,4,0.0
1740537570,0.89308,0.89321,0.0,0,1740537570048,4,0.0
1740537572,0.89308,0.8932,0.0,0,1740537572184,4,0.0
1740537573,0.89308,0.89321,0.0,0,1740537573650,4,0.0
1740537574,0.89307,0.8932,0.0,0,1740537574260,134,0.0
1740537581,0.89305,0.89318,0.0,0,1740537581300,134,0.0
1740537582,0.89304,0.89317,0.0,0,1740537582394,134,0.0
1740537584,0.89303,0.89316,0.0,0,1740537584382,134,0.0
1740537585,0.89301,0.89313,0.0,0,1740537585534,134,0.0
1740537586,0.89301,0.89314,0.0,0,1740537586503,4,0.0
1740537589,0.89303,0.89316,0.0,0,1740537589838,134,0.0
1740537593,0.89304,0.89316,0.0,0,1740537593053,130,0.0
1740537596,0.89303,0.89316,0.0,0,1740537596100,130,0.0
1740537597,0.89304,0.89316,0.0,0,1740537597092,130,0.0
1740537598,0.89304,0.89317,0.0,0,1740537598259,4,0.0
1740537600,0.89304,0.89317,0.0,0,1740537600570,130,0.0
1740537601,0.89304,0.89316,0.0,0,1740537601679,4,0.0
1740537602,0.89303,0.89316,0.0,0,1740537602797,130,0.0
1740537611,0.89304,0.89316,0.0,0,1740537611186,130,0.0
1740537613,0.89303,0.89316,0.0,0,1740537613782,130,0.0
1740537615,0.89304,0.89316,0.0,0,1740537615050,130,0.0
1740537615,0.89304,0.89317,0.0,0,1740537615568,4,0.0
1740537615,0.89306,0.89319,0.0,0,1740537615657,134,0.0
1740537616,0.89308,0.8932,0.0,0,1740537616790,134,0.0
1740537617,0.89307,0.8932,0.0,0,1740537617871,130,0.0
1740537618,0.89307,0.89319,0.0,0,1740537618886,4,0.0
1740537619,0.89306,0.89319,0.0,0,1740537619902,130,0.0
1740537625,0.89307,0.89319,0.0,0,1740537625641,130,0.0
1740537626,0.89307,0.8932,0.0,0,1740537626680,4,0.0
1740537628,0.89308,0.8932,0.0,0,1740537628205,130,0.0
1740537631,0.89308,0.89321,0.0,0,1740537631562,4,0.0
1740537632,0.89309,0.89321,0.0,0,1740537632762,130,0.0
1740537633,0.89308,0.89321,0.0,0,1740537633777,130,0.0
1740537639,0.89308,0.8932,0.0,0,1740537639361,4,0.0
1740537640,0.89308,0.89321,0.0,0,1740537640361,4,0.0
1740537641,0.89308,0.8932,0.0,0,1740537641186,4,0.0
1740537642,0.89307,0.8932,0.0,0,1740537642351,130,0.0
1740537646,0.89308,0.89321,0.0,0,1740537646767,134,0.0
1740537648,0.89308,0.8932,0.0,0,1740537648893,4,0.0
1740537652,0.89307,0.8932,0.0,0,1740537652452,130,0.0
1740537653,0.89308,0.8932,0.0,0,1740537653574,130,0.0
1740537657,0.89307,0.8932,0.0,0,1740537657636,130,0.0
1740537658,0.89308,0.8932,0.0,0,1740537658652,130,0.0
1740537660,0.89308,0.8932,0.0,0,1740537660682,130,0.0
1740537663,0.89308,0.89321,0.0,0,1740537663807,4,0.0
1740537670,0.89309,0.89321,0.0,0,1740537670717,130,0.0
1740537675,0.89308,0.89321,0.0,0,1740537675291,130,0.0
1740537676,0.89307,0.89319,0.0,0,1740537676363,134,0.0
1740537679,0.89308,0.89321,0.0,0,1740537679001,134,0.0
1740537680,0.89309,0.89322,0.0,0,1740537680681,134,0.0
1740537681,0.8931,0.89323,0.0,0,1740537681721,134,0.0
1740537685,0.89311,0.89323,0.0,0,1740537685838,130,0.0
1740537690,0.89313,0.89325,0.0,0,1740537690358,134,0.0
1740537691,0.89315,0.89327,0.0,0,1740537691259,134,0.0
1740537693,0.89314,0.89327,0.0,0,1740537693454,130,0.0
1740537696,0.89313,0.89325,0.0,0,1740537696857,134,0.0
1740537700,0.89313,0.89326,0.0,0,1740537700700,4,0.0
1740537702,0.89313,0.89325,0.0,0,1740537702239,4,0.0
1740537707,0.89315,0.89327,0.0,0,1740537707203,134,0.0
1740537707,0.89313,0.89325,0.0,0,1740537707353,134,0.0
1740537707,0.89311,0.89323,0.0,0,1740537707371,134,0.0
1740537708,0.89311,0.89324,0.0,0,1740537708375,4,0.0
1740537709,0.89312,0.89324,0.0,0,1740537709641,130,0.0
1740537718,0.89312,0.89325,0.0,0,1740537718270,4,0.0
1740537720,0.89312,0.89325,0.0,0,1740537720286,130,0.0
1740537725,0.89313,0.89325,0.0,0,1740537725150,130,0.0
1740537736,0.89314,0.89327,0.0,0,1740537736923,134,0.0
1740537738,0.89316,0.89329,0.0,0,1740537738706,134,0.0
1740537739,0.89315,0.89328,0.0,0,1740537739429,134,0.0
1740537740,0.89315,0.89327,0.0,0,1740537740452,4,0.0
1740537742,0.89313,0.89326,0.0,0,1740537742638,134,0.0
1740537743,0.89314,0.89327,0.0,0,1740537743386,134,0.0
1740537743,0.89316,0.89328,0.0,0,1740537743659,134,0.0
1740537744,0.89316,0.89329,0.0,0,1740537744662,4,0.0
1740537748,0.89316,0.89328,0.0,0,1740537748446,4,0.0
1740537749,0.89315,0.89328,0.0,0,1740537749462,130,0.0
1740537750,0.89316,0.89328,0.0,0,1740537750102,130,0.0
1740537750,0.89316,0.89329,0.0,0,1740537750618,4,0.0
1740537752,0.89317,0.89329,0.0,0,1740537752064,130,0.0
1740537756,0.89317,0.8933,0.0,0,1740537756680,4,0.0
1740537756,0.89319,0.89331,0.0,0,1740537756853,134,0.0
1740537758,0.8932,0.89332,0.0,0,1740537758684,134,0.0
1740537761,0.89319,0.89331,0.0,0,1740537761288,134,0.0
1740537762,0.89319,0.89332,0.0,0,1740537762311,4,0.0
1740537763,0.89321,0.89333,0.0,0,1740537763351,134,0.0
1740537764,0.8932,0.89333,0.0,0,1740537764997,130,0.0
1740537775,0.89321,0.89333,0.0,0,1740537775965,130,0.0
1740537780,0.89321,0.89333,0.0,0,1740537780761,130,0.0
1740537781,0.89323,0.89335,0.0,0,1740537781212,134,0.0
1740537782,0.89323,0.89336,0.0,0,1740537782235,4,0.0
1740537782,0.89324,0.89337,0.0,0,1740537782951,134,0.0
1740537783,0.89325,0.89337,0.0,0,1740537783963,130,0.0
1740537785,0.89324,0.89337,0.0,0,1740537785464,130,0.0
1740537787,0.89325,0.89337,0.0,0,1740537787813,130,0.0
1740537788,0.89325,0.89338,0.0,0,1740537788715,4,0.0
1740537794,0.89325,0.89337,0.0,0,1740537794193,4,0.0
1740537794,0.89324,0.89337,0.0,0,1740537794799,130,0.0
1740537798,0.89323,0.89335,0.0,0,1740537798987,134,0.0
1740537800,0.89321,0.89333,0.0,0,1740537800340,134,0.0
1740537801,0.8932,0.89333,0.0,0,1740537801865,130,0.0
1740537803,0.89321,0.89333,0.0,0,1740537803962,130,0.0
1740537805,0.89323,0.89335,0.0,0,1740537805080,134,0.0
1740537809,0.89323,0.89336,0.0,0,1740537809952,4,0.0
1740537811,0.89325,0.89337,0.0,0,1740537811905,134,0.0
1740537813,0.89327,0.89339,0.0,0,1740537813332,134,0.0
1740537814,0.89327,0.8934,0.0,0,1740537814848,4,0.0
1740537815,0.89327,0.89339,0.0,0,1740537815957,4,0.0
1740537816,0.89326,0.89338,0.0,0,1740537816890,134,0.0
1740537819,0.89326,0.89339,0.0,0,1740537819057,4,0.0
1740537822,0.89325,0.89337,0.0,0,1740537822481,134,0.0
1740537823,0.89325,0.89338,0.0,0,1740537823154,4,0.0
1740537824,0.89326,0.89338,0.0,0,1740537824764,130,0.0
1740537825,0.89327,0.89339,0.0,0,1740537825585,134,0.0
1740537827,0.89326,0.89339,0.0,0,1740537827088,130,0.0
1740537828,0.89326,0.89338,0.0,0,1740537828867,4,0.0
1740537831,0.89326,0.89339,0.0,0,1740537831176,4,0.0
1740537835,0.89326,0.89338,0.0,0,1740537835135,4,0.0
1740537838,0.89327,0.89339,0.0,0,1740537838030,134,0.0
1740537838,0.89328,0.8934,0.0,0,1740537838744,134,0.0
1740537840,0.89328,0.8934,0.0,0,1740537840951,130,0.0
1740537847,0.89327,0.8934,0.0,0,1740537847339,130,0.0
1740537849,0.89328,0.8934,0.0,0,1740537849566,130,0.0
1740537856,0.89328,0.89341,0.0,0,1740537856858,4,0.0
1740537857,0.89328,0.8934,0.0,0,1740537857466,4,0.0
1740537859,0.89328,0.89341,0.0,0,1740537859518,4,0.0
1740537862,0.89328,0.8934,0.0,0,1740537862125,4,0.0
1740537864,0.89327,0.8934,0.0,0,1740537864416,130,0.0
1740537865,0.89326,0.89339,0.0,0,1740537865712,134,0.0
1740537866,0.89328,0.89341,0.0,0,1740537866060,134,0.0
1740537866,0.89331,0.89343,0.0,0,1740537866076,134,0.0
1740537867,0.8933,0.89343,0.0,0,1740537867214,130,0.0
1740537867,0.89331,0.89344,0.0,0,1740537867908,134,0.0
1740537869,0.89329,0.89342,0.0,0,1740537869303,134,0.0
1740537870,0.8933,0.89343,0.0,0,1740537870099,134,0.0
1740537871,0.89328,0.89341,0.0,0,1740537871375,134,0.0
1740537871,0.89326,0.89339,0.0,0,1740537871409,134,0.0
1740537872,0.89325,0.89338,0.0,0,1740537872482,134,0.0
1740537874,0.89325,0.89337,0.0,0,1740537874518,4,0.0
1740537875,0.89322,0.89335,0.0,0,1740537875006,134,0.0
1740537875,0.89323,0.89336,0.0,0,1740537875838,134,0.0
1740537878,0.89324,0.89336,0.0,0,1740537878043,130,0.0
1740537882,0.89325,0.89337,0.0,0,1740537882153,134,0.0
1740537883,0.89325,0.89338,0.0,0,1740537883184,4,0.0
1740537886,0.89324,0.89336,0.0,0,1740537886513,134,0.0
1740537888,0.89323,0.89336,0.0,0,1740537888230,130,0.0
1740537889,0.89323,0.89335,0.0,0,1740537889269,4,0.0
1740537891,0.89322,0.89335,0.0,0,1740537891333,130,0.0
1740537892,0.89323,0.89335,0.0,0,1740537892506,130,0.0
1740537895,0.89322,0.89335,0.0,0,1740537895728,130,0.0
1740537898,0.8932,0.89333,0.0,0,1740537898774,134,0.0
1740537898,0.89318,0.89331,0.0,0,1740537898800,134,0.0
1740537899,0.89318,0.8933,0.0,0,1740537899894,4,0.0
1740537900,0.89318,0.8933,0.0,0,1740537900911,130,0.0
1740537902,0.89317,0.8933,0.0,0,1740537902136,130,0.0
1740537903,0.89315,0.89328,0.0,0,1740537903704,134,0.0
1740537906,0.89317,0.8933,0.0,0,1740537906561,134,0.0
1740537907,0.89318,0.89331,0.0,0,1740537907555,134,0.0
1740537909,0.89317,0.8933,0.0,0,1740537909582,134,0.0
1740537914,0.89316,0.89329,0.0,0,1740537914281,134,0.0
1740537916,0.89316,0.89328,0.0,0,1740537916495,4,0.0
1740537917,0.89316,0.89329,0.0,0,1740537917518,4,0.0
1740537918,0.89319,0.89331,0.0,0,1740537918870,134,0.0
1740537919,0.89318,0.89331,0.0,0,1740537919919,130,0.0
1740537920,0.8932,0.89333,0.0,0,1740537920288,134,0.0
1740537921,0.89322,0.89335,0.0,0,1740537921404,134,0.0
1740537925,0.89323,0.89336,0.0,0,1740537925697,134,0.0
1740537930,0.89323,0.89335,0.0,0,1740537930768,4,0.0
1740537931,0.89322,0.89335,0.0,0,1740537931768,130,0.0
1740537933,0.8932,0.89332,0.0,0,1740537933772,134,0.0
1740537934,0.89319,0.89332,0.0,0,1740537934818,130,0.0
1740537943,0.8932,0.89332,0.0,0,1740537943257,130,0.0
1740537943,0.8932,0.89333,0.0,0,1740537943973,4,0.0
1740537946,0.89322,0.89335,0.0,0,1740537946516,134,0.0
1740537947,0.8932,0.89333,0.0,0,1740537947620,134,0.0
1740537952,0.89321,0.89333,0.0,0,1740537952223,130,0.0
1740537953,0.8932,0.89333,0.0,0,1740537953283,130,0.0
1740537954,0.89319,0.89332,0.0,0,1740537954440,134,0.0
1740537957,0.8932,0.89332,0.0,0,1740537957071,130,0.0
1740537958,0.89319,0.89332,0.0,0,1740537958076,130,0.0
1740537960,0.89319,0.89332,0.0,0,1740537960137,130,0.0
1740537962,0.8932,0.89332,0.0,0,1740537962223,130,0.0
1740537965,0.89319,0.89332,0.0,0,1740537965438,130,0.0
1740537965,0.89319,0.89331,0.0,0,1740537965971,4,0.0
1740537966,0.89317,0.89329,0.0,0,1740537966040,134,0.0
1740537967,0.89319,0.89331,0.0,0,1740537967188,134,0.0
1740537968,0.89319,0.89332,0.0,0,1740537968230,4,0.0
1740537971,0.8932,0.89333,0.0,0,1740537971513,134,0.0
1740537972,0.8932,0.89332,0.0,0,1740537972715,4,0.0
1740537974,0.89322,0.89335,0.0,0,1740537974722,134,0.0
1740537975,0.89323,0.89336,0.0,0,1740537975696,134,0.0
1740537976,0.89322,0.89335,0.0,0,1740537976698,134,0.0
1740537978,0.89323,0.89336,0.0,0,1740537978285,134,0.0
1740537984,0.89323,0.89335,0.0,0,1740537984922,4,0.0
1740537986,0.89322,0.89335,0.0,0,1740537986192,130,0.0
1740537988,0.89323,0.89335,0.0,0,1740537988277,130,0.0
1740537989,0.89323,0.89336,0.0,0,1740537989278,4,0.0
1740537989,0.89322,0.89335,0.0,0,1740537989802,134,0.0
1740537991,0.89323,0.89335,0.0,0,1740537991668,130,0.0
1740537996,0.89323,0.89336,0.0,0,1740537996160,4,0.0
1740537996,0.89325,0.89338,0.0,0,1740537996261,134,0.0
1740538005,0.89326,0.89338,0.0,0,1740538005760,130,0.0
1740538011,0.89325,0.89338,0.0,0,1740538011639,130,0.0
1740538012,0.89326,0.89338,0.0,0,1740538012875,130,0.0
1740538018,0.89325,0.89338,0.0,0,1740538018023,130,0.0
1740538020,0.89324,0.89337,0.0,0,1740538020302,134,0.0
1740538021,0.89323,0.89336,0.0,0,1740538021204,134,0.0
1740538022,0.89324,0.89336,0.0,0,1740538022179,130,0.0
1740538023,0.89324,0.89337,0.0,0,1740538023795,4,0.0
1740538026,0.89326,0.89338,0.0,0,1740538026843,134,0.0
1740538028,0.89325,0.89338,0.0,0,1740538028374,130,0.0
1740538029,0.89326,0.89338,0.0,0,1740538029507,130,0.0
1740538033,0.89326,0.89339,0.0,0,1740538033577,4,0.0
1740538040,0.89327,0.89339,0.0,0,1740538040131,130,0.0
1740538040,0.89327,0.8934,0.0,0,1740538040843,4,0.0
1740538044,0.89326,0.89338,0.0,0,1740538044045,134,0.0
1740538046,0.89325,0.89338,0.0,0,1740538046483,130,0.0
1740538050,0.89325,0.89337,0.0,0,1740538050284,4,0.0
1740538052,0.89324,0.89337,0.0,0,1740538052472,130,0.0
1740538055,0.89324,0.89336,0.0,0,1740538055125,4,0.0
1740538057,0.89323,0.89336,0.0,0,1740538057047,130,0.0
1740538064,0.89325,0.89338,0.0,0,1740538064417,134,0.0
1740538066,0.89326,0.89338,0.0,0,1740538066776,130,0.0
1740538069,0.89325,0.89338,0.0,0,1740538069943,130,0.0
1740538073,0.89326,0.89339,0.0,0,1740538073136,134,0.0
1740538074,0.89327,0.89339,0.0,0,1740538074809,130,0.0
1740538075,0.89327,0.8934,0.0,0,1740538075319,4,0.0
1740538080,0.89327,0.8934,0.0,0,1740538080675,130,0.0
1740538088,0.89328,0.8934,0.0,0,1740538088174,130,0.0
1740538089,0.89328,0.89341,0.0,0,1740538089146,4,0.0
1740538090,0.89329,0.89342,0.0,0,1740538090193,134,0.0
1740538091,0.8933,0.89342,0.0,0,1740538091223,130,0.0
1740538093,0.89331,0.89343,0.0,0,1740538093216,134,0.0
1740538094,0.89331,0.89344,0.0,0,1740538094329,4,0.0
1740538097,0.89331,0.89343,0.0,0,1740538097822,4,0.0
1740538102,0.89331,0.89344,0.0,0,1740538102321,4,0.0
1740538107,0.89331,0.89343,0.0,0,1740538107632,4,0.0
1740538114,0.89331,0.89344,0.0,0,1740538114067,4,0.0
1740538115,0.8933,0.89343,0.0,0,1740538115195,134,0.0
1740538117,0.8933,0.89342,0.0,0,1740538117224,4,0.0
1740538118,0.8933,0.89343,0.0,0,1740538118580,4,0.0
1740538131,0.8933,0.89342,0.0,0,1740538131175,4,0.0
1740538133,0.8933,0.89343,0.0,0,1740538133512,4,0.0
1740538138,0.89331,0.89343,0.0,0,1740538138762,130,0.0
1740538141,0.8933,0.89342,0.0,0,1740538141408,134,0.0
1740538146,0.89329,0.89341,0.0,0,1740538146192,134,0.0
1740538147,0.89328,0.8934,0.0,0,1740538147269,134,0.0
1740538149,0.8933,0.89342,0.0,0,1740538149320,134,0.0
1740538150,0.89331,0.89344,0.0,0,1740538150394,134,0.0
1740538154,0.89331,0.89343,0.0,0,1740538154158,4,0.0
1740538159,0.89332,0.89345,0.0,0,1740538159330,134,0.0
1740538160,0.89332,0.89344,0.0,0,1740538160092,4,0.0
1740538161,0.89333,0.89346,0.0,0,1740538161201,134,0.0
1740538167,0.89334,0.89346,0.0,0,1740538167259,130,0.0
1740538171,0.89333,0.89345,0.0,0,1740538171608,134,0.0
1740538174,0.89332,0.89344,0.0,0,1740538174864,134,0.0
1740538175,0.8933,0.89342,0.0,0,1740538175129,134,0.0
1740538176,0.89329,0.89342,0.0,0,1740538176756,130,0.0
1740538177,0.89328,0.8934,0.0,0,1740538177976,134,0.0
1740538178,0.89327,0.8934,0.0,0,1740538178979,130,0.0
1740538180,0.89328,0.8934,0.0,0,1740538180007,130,0.0
1740538183,0.89327,0.8934,0.0,0,1740538183052,130,0.0
1740538184,0.89326,0.89339,0.0,0,1740538184400,134,0.0
1740538188,0.89324,0.89337,0.0,0,1740538188061,134,0.0
1740538192,0.89326,0.89338,0.0,0,1740538192423,134,0.0
1740538193,0.89325,0.89338,0.0,0,1740538193471,130,0.0
1740538195,0.89323,0.89336,0.0,0,1740538195070,134,0.0
1740538197,0.89324,0.89336,0.0,0,1740538197944,130,0.0
1740538200,0.89323,0.89336,0.0,0,1740538200181,130,0.0
1740538206,0.89323,0.89335,0.0,0,1740538206404,4,0.0
1740538207,0.89323,0.89336,0.0,0,1740538207542,4,0.0
1740538215,0.89323,0.89335,0.0,0,1740538215767,4,0.0
1740538221,0.89322,0.89334,0.0,0,1740538221045,134,0.0
1740538221,0.89321,0.89334,0.0,0,1740538221585,130,0.0
1740538222,0.89322,0.89334,0.0,0,1740538222588,130,0.0
1740538223,0.89322,0.89335,0.0,0,1740538223254,4,0.0
1740538228,0.89321,0.89334,0.0,0,1740538228324,134,0.0
1740538230,0.89319,0.89332,0.0,0,1740538230789,134,0.0
1740538239,0.8932,0.89332,0.0,0,1740538239831,130,0.0
1740538240,0.89321,0.89334,0.0,0,1740538240925,134,0.0
1740538250,0.89322,0.89334,0.0,0,1740538250902,130,0.0
1740538254,0.89322,0.89335,0.0,0,1740538254408,4,0.0
1740538255,0.89323,0.89336,0.0,0,1740538255415,134,0.0
1740538256,0.89325,0.89338,0.0,0,1740538256561,134,0.0
1740538257,0.89325,0.89337,0.0,0,1740538257961,4,0.0
1740538261,0.89325,0.89338,0.0,0,1740538261394,134,0.0
1740538263,0.89326,0.89339,0.0,0,1740538263423,134,0.0
1740538268,0.89325,0.89338,0.0,0,1740538268848,134,0.0
1740538269,0.89326,0.89338,0.0,0,1740538269862,130,0.0
1740538273,0.89325,0.89337,0.0,0,1740538273795,134,0.0
1740538274,0.89324,0.89337,0.0,0,1740538274900,130,0.0
1740538279,0.89326,0.89338,0.0,0,1740538279057,134,0.0
1740538285,0.89327,0.89339,0.0,0,1740538285044,134,0.0
1740538285,0.89326,0.89339,0.0,0,1740538285671,130,0.0
1740538286,0.89327,0.89339,0.0,0,1740538286671,130,0.0
1740538288,0.89327,0.8934,0.0,0,1740538288041,4,0.0
1740538290,0.89327,0.89339,0.0,0,1740538290168,4,0.0
1740538292,0.89327,0.8934,0.0,0,1740538292707,4,0.0
1740538293,0.89329,0.89342,0.0,0,1740538293964,134,0.0
1740538295,0.8933,0.89343,0.0,0,1740538295414,134,0.0
1740538299,0.89331,0.89343,0.0,0,1740538299984,130,0.0
1740538300,0.8933,0.89343,0.0,0,1740538300557,130,0.0
1740538301,0.89329,0.89342,0.0,0,1740538301824,134,0.0
1740538302,0.89329,0.89341,0.0,0,1740538302845,4,0.0
1740538307,0.8933,0.89342,0.0,0,1740538307033,134,0.0
1740538313,0.89329,0.89342,0.0,0,1740538313670,130,0.0
1740538318,0.89328,0.89341,0.0,0,1740538318543,134,0.0
1740538318,0.89326,0.89339,0.0,0,1740538318739,134,0.0
1740538321,0.89327,0.89339,0.0,0,1740538321466,130,0.0
1740538323,0.89326,0.89339,0.0,0,1740538323786,130,0.0
1740538328,0.89326,0.89338,0.0,0,1740538328581,4,0.0
1740538330,0.89324,0.89337,0.0,0,1740538330641,134,0.0
1740538331,0.89324,0.89336,0.0,0,1740538331682,4,0.0
1740538340,0.89322,0.89334,0.0,0,1740538340764,134,0.0
1740538341,0.89321,0.89334,0.0,0,1740538341791,130,0.0
1740538346,0.8932,0.89333,0.0,0,1740538346746,134,0.0
1740538347,0.8932,0.89332,0.0,0,1740538347758,4,0.0
1740538351,0.89319,0.89332,0.0,0,1740538351087,130,0.0
1740538353,0.8932,0.89333,0.0,0,1740538353249,134,0.0
1740538355,0.89321,0.89333,0.0,0,1740538355380,130,0.0
1740538356,0.89321,0.89334,0.0,0,1740538356513,4,0.0
1740538357,0.89323,0.89335,0.0,0,1740538357291,134,0.0
1740538360,0.89323,0.89336,0.0,0,1740538360690,4,0.0
1740538361,0.89323,0.89335,0.0,0,1740538361458,4,0.0
1740538362,0.89322,0.89335,0.0,0,1740538362481,130,0.0
1740538365,0.89324,0.89336,0.0,0,1740538365804,134,0.0
1740538367,0.89323,0.89336,0.0,0,1740538367161,130,0.0
1740538368,0.89324,0.89336,0.0,0,1740538368590,130,0.0
1740538369,0.89326,0.89338,0.0,0,1740538369640,134,0.0
1740538370,0.89328,0.89341,0.0,0,1740538370088,134,0.0
1740538370,0.8933,0.89343,0.0,0,1740538370172,134,0.0
1740538370,0.89332,0.89345,0.0,0,1740538370276,134,0.0
1740538371,0.89334,0.89346,0.0,0,1740538371449,134,0.0
1740538371,0.89332,0.89344,0.0,0,1740538371677,134,0.0
1740538374,0.89332,0.89345,0.0,0,1740538374699,4,0.0
1740538376,0.89333,0.89345,0.0,0,1740538376754,130,0.0
1740538379,0.89333,0.89346,0.0,0,1740538379137,4,0.0
1740538380,0.89334,0.89346,0.0,0,1740538380170,130,0.0
1740538380,0.89335,0.89348,0.0,0,1740538380512,134,0.0
1740538383,0.89336,0.89349,0.0,0,1740538383690,134,0.0
1740538387,0.89337,0.89349,0.0,0,1740538387277,130,0.0
1740538391,0.89336,0.89349,0.0,0,1740538391939,130,0.0
1740538392,0.89338,0.89351,0.0,0,1740538392335,134,0.0
1740538392,0.8934,0.89353,0.0,0,1740538392409,134,0.0
1740538393,0.89341,0.89354,0.0,0,1740538393840,134,0.0
1740538394,0.8934,0.89353,0.0,0,1740538394856,134,0.0
1740538396,0.89341,0.89353,0.0,0,1740538396900,130,0.0
1740538398,0.89341,0.89354,0.0,0,1740538398000,4,0.0
1740538398,0.89343,0.89356,0.0,0,1740538398043,134,0.0
1740538399,0.89344,0.89357,0.0,0,1740538399088,134,0.0
1740538401,0.89346,0.89358,0.0,0,1740538401792,134,0.0
1740538403,0.89344,0.89357,0.0,0,1740538403206,134,0.0
1740538403,0.89342,0.89354,0.0,0,1740538403231,134,0.0
1740538404,0.8934,0.89353,0.0,0,1740538404279,134,0.0
1740538408,0.8934,0.89352,0.0,0,1740538408766,4,0.0
1740538408,0.89342,0.89354,0.0,0,1740538408848,134,0.0
1740538408,0.89344,0.89356,0.0,0,1740538408889,134,0.0
1740538409,0.89344,0.89357,0.0,0,1740538409892,4,0.0
1740538414,0.89344,0.89356,0.0,0,1740538414382,4,0.0
1740538415,0.89344,0.89357,0.0,0,1740538415700,4,0.0
1740538419,0.89345,0.89357,0.0,0,1740538419233,130,0.0
1740538420,0.89346,0.89358,0.0,0,1740538420003,134,0.0
1740538420,0.89347,0.8936,0.0,0,1740538420027,134,0.0
1740538420,0.8935,0.89362,0.0,0,1740538420075,134,0.0
1740538421,0.89351,0.89363,0.0,0,1740538421077,134,0.0
1740538423,0.8935,0.89363,0.0,0,1740538423046,130,0.0
1740538424,0.89351,0.89363,0.0,0,1740538424370,130,0.0
1740538425,0.89352,0.89365,0.0,0,1740538425780,134,0.0
1740538425,0.8935,0.89363,0.0,0,1740538425829,134,0.0
1740538426,0.89349,0.89361,0.0,0,1740538426861,134,0.0
1740538429,0.89351,0.89364,0.0,0,1740538429431,134,0.0
1740538431,0.8935,0.89363,0.0,0,1740538431683,134,0.0
1740538432,0.89351,0.89363,0.0,0,1740538432703,130,0.0
1740538434,0.89352,0.89364,0.0,0,1740538434142,134,0.0
1740538436,0.8935,0.89363,0.0,0,1740538436269,134,0.0
1740538437,0.89349,0.89361,0.0,0,1740538437350,134,0.0
1740538440,0.89348,0.8936,0.0,0,1740538440862,134,0.0
1740538441,0.89346,0.89358,0.0,0,1740538441900,134,0.0
1740538442,0.89344,0.89356,0.0,0,1740538442658,134,0.0
1740538444,0.89344,0.89357,0.0,0,1740538444225,4,0.0
1740538452,0.89345,0.89357,0.0,0,1740538452169,130,0.0
1740538459,0.89344,0.89357,0.0,0,1740538459156,130,0.0
1740538460,0.89344,0.89356,0.0,0,1740538460164,4,0.0
1740538462,0.89343,0.89356,0.0,0,1740538462305,130,0.0
1740538464,0.89344,0.89356,0.0,0,1740538464427,130,0.0
1740538468,0.89343,0.89356,0.0,0,1740538468596,130,0.0
1740538473,0.89346,0.89358,0.0,0,1740538473371,134,0.0
1740538474,0.89345,0.89358,0.0,0,1740538474696,130,0.0
1740538481,0.89346,0.89358,0.0,0,1740538481268,130,0.0
1740538481,0.89348,0.8936,0.0,0,1740538481628,134,0.0
1740538482,0.89346,0.89358,0.0,0,1740538482848,134,0.0
1740538485,0.89344,0.89356,0.0,0,1740538485408,134,0.0
1740538486,0.89346,0.89358,0.0,0,1740538486735,134,0.0
1740538489,0.89345,0.89358,0.0,0,1740538489936,130,0.0
1740538491,0.89346,0.89358,0.0,0,1740538491252,130,0.0
1740538492,0.89346,0.89359,0.0,0,1740538492256,4,0.0
1740538496,0.89346,0.89358,0.0,0,1740538496904,4,0.0
1740538501,0.89346,0.89359,0.0,0,1740538501067,134,0.0
1740538504,0.89347,0.8936,0.0,0,1740538504395,134,0.0
1740538510,0.89347,0.89359,0.0,0,1740538510204,4,0.0
1740538517,0.89347,0.8936,0.0,0,1740538517650,4,0.0
1740538524,0.89346,0.89359,0.0,0,1740538524013,134,0.0
1740538533,0.89347,0.89359,0.0,0,1740538533783,130,0.0
1740538534,0.89347,0.8936,0.0,0,1740538534508,4,0.0
1740538535,0.89348,0.8936,0.0,0,1740538535679,130,0.0
1740538537,0.89349,0.89361,0.0,0,1740538537563,134,0.0
1740538538,0.89349,0.89362,0.0,0,1740538538916,4,0.0
1740538541,0.89348,0.89361,0.0,0,1740538541172,134,0.0
1740538547,0.89348,0.8936,0.0,0,1740538547151,4,0.0
1740538549,0.89348,0.89361,0.0,0,1740538549182,4,0.0
1740538551,0.89348,0.8936,0.0,0,1740538551241,4,0.0
1740538553,0.89347,0.8936,0.0,0,1740538553807,130,0.0
1740538554,0.89347,0.89359,0.0,0,1740538554873,4,0.0
1740538561,0.89347,0.89359,0.0,0,1740538561853,130,0.0
1740538565,0.89344,0.89357,0.0,0,1740538565502,134,0.0
1740538568,0.89344,0.89356,0.0,0,1740538568640,4,0.0
1740538570,0.89344,0.89357,0.0,0,1740538570671,4,0.0
1740538571,0.89344,0.89356,0.0,0,1740538571743,4,0.0
1740538582,0.89344,0.89357,0.0,0,1740538582353,4,0.0
1740538586,0.89345,0.89357,0.0,0,1740538586245,130,0.0
1740538587,0.89346,0.89359,0.0,0,1740538587404,134,0.0
1740538590,0.89346,0.89358,0.0,0,1740538590147,4,0.0
1740538591,0.89345,0.89358,0.0,0,1740538591166,130,0.0
1740538593,0.89345,0.89357,0.0,0,1740538593952,4,0.0
1740538594,0.89344,0.89356,0.0,0,1740538594983,134,0.0
1740538597,0.89343,0.89356,0.0,0,1740538597689,130,0.0
1740538599,0.89344,0.89356,0.0,0,1740538599236,130,0.0
1740538601,0.89344,0.89357,0.0,0,1740538601792,4,0.0
1740538601,0.89346,0.89359,0.0,0,1740538601877,134,0.0
1740538602,0.89347,0.8936,0.0,0,1740538602934,134,0.0
1740538609,0.89347,0.89359,0.0,0,1740538609816,4,0.0
1740538610,0.89346,0.89359,0.0,0,1740538610831,130,0.0
1740538611,0.89347,0.89359,0.0,0,1740538611847,130,0.0
1740538613,0.89346,0.89359,0.0,0,1740538613996,130,0.0
1740538616,0.89347,0.89359,0.0,0,1740538616699,130,0.0
1740538620,0.89347,0.8936,0.0,0,1740538620138,134,0.0
1740538620,0.89348,0.89361,0.0,0,1740538620846,134,0.0
1740538621,0.8935,0.89363,0.0,0,1740538621306,134,0.0
1740538621,0.89348,0.89361,0.0,0,1740538621802,134,0.0
1740538622,0.89348,0.8936,0.0,0,1740538622992,4,0.0
1740538624,0.89348,0.89361,0.0,0,1740538624765,4,0.0
1740538632,0.89348,0.8936,0.0,0,1740538632891,4,0.0
1740538634,0.89347,0.8936,0.0,0,1740538634979,130,0.0
1740538637,0.89345,0.89358,0.0,0,1740538637829,134,0.0
1740538638,0.89344,0.89357,0.0,0,1740538638476,134,0.0
1740538644,0.89345,0.89357,0.0,0,1740538644723,130,0.0
1740538647,0.89344,0.89357,0.0,0,1740538647284,130,0.0
1740538647,0.89342,0.89355,0.0,0,1740538647590,134,0.0
1740538648,0.89341,0.89354,0.0,0,1740538648395,134,0.0
1740538649,0.89341,0.89353,0.0,0,1740538649509,4,0.0
1740538650,0.8934,0.89353,0.0,0,1740538650726,130,0.0
1740538654,0.89341,0.89354,0.0,0,1740538654438,134,0.0
1740538655,0.89342,0.89354,0.0,0,1740538655354,130,0.0
1740538657,0.89343,0.89356,0.0,0,1740538657348,134,0.0
1740538658,0.89341,0.89354,0.0,0,1740538658499,134,0.0
1740538661,0.89341,0.89353,0.0,0,1740538661880,4,0.0
1740538663,0.8934,0.89353,0.0,0,1740538663596,130,0.0
1740538664,0.89338,0.89351,0.0,0,1740538664098,134,0.0
1740538665,0.89337,0.8935,0.0,0,1740538665162,134,0.0
1740538665,0.89338,0.8935,0.0,0,1740538665856,130,0.0
1740538665,0.8934,0.89353,0.0,0,1740538665985,134,0.0
1740538670,0.8934,0.89352,0.0,0,1740538670216,4,0.0
1740538670,0.89338,0.89351,0.0,0,1740538670487,134,0.0
1740538671,0.89338,0.8935,0.0,0,1740538671686,4,0.0
1740538672,0.89339,0.89351,0.0,0,1740538672608,134,0.0
1740538673,0.89338,0.8935,0.0,0,1740538673185,134,0.0
1740538674,0.89337,0.8935,0.0,0,1740538674196,130,0.0
1740538674,0.89338,0.8935,0.0,0,1740538674893,130,0.0
1740538677,0.89338,0.89351,0.0,0,1740538677401,4,0.0
1740538677,0.8934,0.89353,0.0,0,1740538677405,134,0.0
1740538680,0.89341,0.89353,0.0,0,1740538680942,130,0.0
1740538683,0.8934,0.89353,0.0,0,1740538683008,130,0.0
1740538690,0.89341,0.89353,0.0,0,1740538690762,130,0.0
1740538691,0.89341,0.89354,0.0,0,1740538691614,4,0.0
1740538692,0.89342,0.89355,0.0,0,1740538692841,134,0.0
1740538692,0.89344,0.89357,0.0,0,1740538692881,134,0.0
1740538693,0.89345,0.89358,0.0,0,1740538693887,134,0.0
1740538695,0.89346,0.89358,0.0,0,1740538695902,130,0.0
1740538696,0.89345,0.89357,0.0,0,1740538696907,134,0.0
1740538700,0.89345,0.89358,0.0,0,1740538700745,4,0.0
1740538702,0.89345,0.89357,0.0,0,1740538702381,4,0.0
1740538704,0.89345,0.89358,0.0,0,1740538704420,4,0.0
1740538706,0.89347,0.8936,0.0,0,1740538706137,134,0.0
1740538706,0.89346,0.89359,0.0,0,1740538706985,134,0.0
1740538708,0.89345,0.89358,0.0,0,1740538708415,134,0.0
1740538710,0.89347,0.8936,0.0,0,1740538710919,134,0.0
1740538714,0.89348,0.89361,0.0,0,1740538714339,134,0.0
1740538721,0.89349,0.89362,0.0,0,1740538721140,134,0.0
1740538722,0.8935,0.89363,0.0,0,1740538722236,134,0.0
1740538723,0.89349,0.89361,0.0,0,1740538723661,134,0.0
1740538724,0.89351,0.89363,0.0,0,1740538724148,134,0.0
1740538724,0.8935,0.89362,0.0,0,1740538724938,134,0.0
1740538726,0.89348,0.89361,0.0,0,1740538726129,134,0.0
1740538728,0.89348,0.8936,0.0,0,1740538728806,4,0.0
1740538729,0.89348,0.89361,0.0,0,1740538729909,4,0.0
1740538730,0.89348,0.8936,0.0,0,1740538730869,4,0.0
1740538731,0.89348,0.89361,0.0,0,1740538731903,4,0.0
1740538736,0.89348,0.8936,0.0,0,1740538736112,4,0.0
1740538738,0.89347,0.8936,0.0,0,1740538738200,130,0.0
1740538740,0.89347,0.8936,0.0,0,1740538740287,130,0.0
1740538750,0.89348,0.8936,0.0,0,1740538750843,130,0.0
1740538755,0.89348,0.89361,0.0,0,1740538755283,4,0.0
1740538758,0.89348,0.8936,0.0,0,1740538758675,4,0.0
1740538761,0.89348,0.89361,0.0,0,1740538761725,4,0.0
1740538762,0.89348,0.8936,0.0,0,1740538762509,4,0.0
1740538763,0.89348,0.89361,0.0,0,1740538763363,4,0.0
1740538764,0.89347,0.8936,0.0,0,1740538764222,134,0.0
1740538765,0.89347,0.89359,0.0,0,1740538765234,4,0.0
1740538766,0.89347,0.8936,0.0,0,1740538766946,4,0.0
1740538773,0.89348,0.8936,0.0,0,1740538773882,130,0.0
1740538774,0.8935,0.89362,0.0,0,1740538774058,134,0.0
1740538781,0.8935,0.89363,0.0,0,1740538781309,4,0.0
1740538783,0.89351,0.89363,0.0,0,1740538783592,130,0.0
1740538784,0.8935,0.89363,0.0,0,1740538784846,130,0.0
1740538794,0.89351,0.89363,0.0,0,1740538794794,130,0.0
1740538795,0.8935,0.89363,0.0,0,1740538795777,130,0.0
1740538795,0.89348,0.89361,0.0,0,1740538795816,134,0.0
1740538796,0.89347,0.8936,0.0,0,1740538796820,134,0.0
1740538798,0.89348,0.8936,0.0,0,1740538798242,130,0.0
1740538799,0.89348,0.89361,0.0,0,1740538799503,4,0.0
1740538800,0.89347,0.8936,0.0,0,1740538800519,134,0.0
1740538801,0.89348,0.8936,0.0,0,1740538801857,130,0.0
1740538805,0.89347,0.8936,0.0,0,1740538805744,130,0.0
1740538806,0.89346,0.89359,0.0,0,1740538806281,134,0.0
1740538806,0.89344,0.89357,0.0,0,1740538806392,134,0.0
1740538824,0.89344,0.89356,0.0,0,1740538824385,4,0.0
1740538827,0.89343,0.89356,0.0,0,1740538827538,130,0.0
1740538830,0.89343,0.89355,0.0,0,1740538830290,4,0.0
1740538831,0.89344,0.89357,0.0,0,1740538831662,134,0.0
1740538832,0.89344,0.89356,0.0,0,1740538832808,4,0.0
1740538835,0.89343,0.89356,0.0,0,1740538835001,130,0.0
1740538836,0.89345,0.89358,0.0,0,1740538836592,134,0.0
1740538837,0.89346,0.89358,0.0,0,1740538837744,130,0.0
1740538838,0.89346,0.89359,0.0,0,1740538838809,4,0.0
1740538847,0.89345,0.89358,0.0,0,1740538847173,134,0.0
1740538847,0.89346,0.89359,0.0,0,1740538847854,134,0.0
1740538850,0.89346,0.89358,0.0,0,1740538850918,4,0.0
1740538855,0.89345,0.89358,0.0,0,1740538855634,130,0.0
1740538857,0.89345,0.89357,0.0,0,1740538857828,4,0.0
1740538858,0.89344,0.89357,0.0,0,1740538858479,130,0.0
1740538860,0.89345,0.89357,0.0,0,1740538860146,130,0.0
1740538870,0.89345,0.89358,0.0,0,1740538870535,4,0.0
1740538876,0.89346,0.89359,0.0,0,1740538876560,134,0.0
1740538876,0.89344,0.89357,0.0,0,1740538876763,134,0.0
1740538878,0.89343,0.89356,0.0,0,1740538878141,134,0.0
1740538882,0.89344,0.89356,0.0,0,1740538882125,130,0.0
1740538883,0.89344,0.89357,0.0,0,1740538883155,4,0.0
1740538885,0.89345,0.89357,0.0,0,1740538885685,130,0.0
1740538887,0.89344,0.89356,0.0,0,1740538887900,134,0.0
1740538889,0.89343,0.89356,0.0,0,1740538889930,130,0.0
1740538894,0.89344,0.89356,0.0,0,1740538894146,130,0.0
1740538903,0.89343,0.89356,0.0,0,1740538903458,130,0.0
1740538905,0.89344,0.89356,0.0,0,1740538905105,130,0.0
1740538906,0.89343,0.89356,0.0,0,1740538906509,130,0.0
1740538910,0.89343,0.89355,0.0,0,1740538910836,4,0.0
1740538911,0.89343,0.89356,0.0,0,1740538911900,4,0.0
1740538916,0.89343,0.89355,0.0,0,1740538916694,4,0.0
1740538918,0.89343,0.89356,0.0,0,1740538918923,4,0.0
1740538921,0.89343,0.89355,0.0,0,1740538921112,134,0.0
1740538923,0.89343,0.89356,0.0,0,1740538923266,4,0.0
1740538924,0.89343,0.89355,0.0,0,1740538924470,4,0.0
1740538926,0.89343,0.89356,0.0,0,1740538926184,4,0.0
1740538927,0.89343,0.89355,0.0,0,1740538927240,4,0.0
1740538928,0.89343,0.89356,0.0,0,1740538928505,4,0.0
1740538937,0.89344,0.89357,0.0,0,1740538937857,134,0.0
1740538938,0.89343,0.89356,0.0,0,1740538938443,134,0.0
1740538939,0.89342,0.89355,0.0,0,1740538939596,134,0.0
1740538940,0.89343,0.89355,0.0,0,1740538940722,130,0.0
1740538942,0.89342,0.89355,0.0,0,1740538942140,130,0.0
1740538949,0.89343,0.89355,0.0,0,1740538949114,130,0.0
1740538950,0.89342,0.89354,0.0,0,1740538950162,134,0.0
1740538951,0.89342,0.89355,0.0,0,1740538951413,4,0.0
1740538961,0.89343,0.89355,0.0,0,1740538961884,130,0.0
1740538964,0.89342,0.89355,0.0,0,1740538964145,130,0.0
1740538969,0.89342,0.89354,0.0,0,1740538969564,4,0.0
1740538970,0.89342,0.89355,0.0,0,1740538970870,4,0.0
1740538974,0.89343,0.89356,0.0,0,1740538974770,134,0.0
1740538975,0.89342,0.89354,0.0,0,1740538975835,134,0.0
1740538976,0.8934,0.89352,0.0,0,1740538976071,134,0.0
1740538977,0.89339,0.89352,0.0,0,1740538977818,130,0.0
1740538980,0.89339,0.89352,0.0,0,1740538980102,130,0.0
1740538981,0.89339,0.89351,0.0,0,1740538981341,4,0.0
1740538983,0.89338,0.8935,0.0,0,1740538983221,134,0.0
1740538983,0.89335,0.89348,0.0,0,1740538983251,134,0.0
1740538983,0.89334,0.89347,0.0,0,1740538983897,134,0.0
1740538985,0.89333,0.89345,0.0,0,1740538985008,134,0.0
1740538985,0.89334,0.89346,0.0,0,1740538985999,134,0.0
1740538987,0.89334,0.89347,0.0,0,1740538987066,4,0.0
1740538990,0.89333,0.89346,0.0,0,1740538990041,134,0.0
1740538991,0.89333,0.89345,0.0,0,1740538991052,4,0.0
1740538991,0.89332,0.89344,0.0,0,1740538991681,134,0.0
1740538993,0.89331,0.89344,0.0,0,1740538993017,130,0.0
1740538995,0.89332,0.89344,0.0,0,1740538995075,130,0.0
1740538996,0.89332,0.89345,0.0,0,1740538996373,4,0.0
1740538997,0.89332,0.89344,0.0,0,1740538997607,4,0.0
1740539001,0.89332,0.89345,0.0,0,1740539001215,4,0.0
1740539002,0.89332,0.89344,0.0,0,1740539002504,4,0.0
1740539003,0.89331,0.89344,0.0,0,1740539003554,130,0.0
1740539004,0.89332,0.89344,0.0,0,1740539004687,130,0.0
1740539006,0.89333,0.89345,0.0,0,1740539006402,134,0.0
1740539008,0.89332,0.89345,0.0,0,1740539008309,130,0.0
1740539014,0.89332,0.89344,0.0,0,1740539014277,4,0.0
1740539016,0.89333,0.89345,0.0,0,1740539016953,134,0.0
1740539018,0.89333,0.89346,0.0,0,1740539018647,4,0.0
1740539027,0.89334,0.89346,0.0,0,1740539027281,130,0.0
1740539027,0.89333,0.89346,0.0,0,1740539027784,130,0.0
1740539027,0.89331,0.89344,0.0,0,1740539027811,134,0.0
1740539029,0.8933,0.89343,0.0,0,1740539029012,134,0.0
1740539033,0.8933,0.89342,0.0,0,1740539033538,4,0.0
1740539034,0.89329,0.89341,0.0,0,1740539034180,134,0.0
1740539035,0.89329,0.89342,0.0,0,1740539035901,4,0.0
1740539038,0.89328,0.8934,0.0,0,1740539038610,134,0.0
1740539039,0.89326,0.89338,0.0,0,1740539039851,134,0.0
1740539040,0.89326,0.89338,0.0,0,1740539040871,130,0.0
1740539043,0.89326,0.89339,0.0,0,1740539043130,4,0.0
1740539045,0.89324,0.89337,0.0,0,1740539045975,134,0.0
1740539047,0.89325,0.89337,0.0,0,1740539047698,130,0.0
1740539049,0.89324,0.89337,0.0,0,1740539049333,130,0.0
1740539054,0.89324,0.89336,0.0,0,1740539054874,4,0.0
1740539056,0.89324,0.89337,0.0,0,1740539056134,4,0.0
1740539059,0.89325,0.89337,0.0,0,1740539059147,130,0.0
1740539060,0.89325,0.89338,0.0,0,1740539060314,4,0.0
1740539061,0.89326,0.89338,0.0,0,1740539061623,130,0.0
1740539062,0.89325,0.89338,0.0,0,1740539062645,130,0.0
1740539063,0.89325,0.89337,0.0,0,1740539063647,4,0.0
1740539069,0.89324,0.89337,0.0,0,1740539069300,130,0.0
1740539071,0.89324,0.89336,0.0,0,1740539071044,4,0.0
1740539073,0.89322,0.89335,0.0,0,1740539073136,134,0.0
1740539079,0.89322,0.89334,0.0,0,1740539079048,4,0.0
1740539080,0.89321,0.89334,0.0,0,1740539080130,130,0.0
1740539080,0.89319,0.89332,0.0,0,1740539080400,134,0.0
1740539082,0.89319,0.89331,0.0,0,1740539082310,4,0.0
1740539083,0.89318,0.89331,0.0,0,1740539083365,130,0.0
1740539084,0.89317,0.8933,0.0,0,1740539084499,134,0.0
1740539086,0.89318,0.8933,0.0,0,1740539086166,130,0.0
1740539087,0.89317,0.8933,0.0,0,1740539087181,130,0.0
1740539090,0.89315,0.89328,0.0,0,1740539090473,134,0.0
1740539091,0.89316,0.89329,0.0,0,1740539091636,134,0.0
1740539093,0.89316,0.89328,0.0,0,1740539093046,4,0.0
1740539095,0.89316,0.89329,0.0,0,1740539095072,4,0.0
1740539095,0.89317,0.8933,0.0,0,1740539095596,134,0.0
1740539096,0.89318,0.8933,0.0,0,1740539096599,130,0.0
1740539099,0.89318,0.89331,0.0,0,1740539099984,4,0.0
1740539101,0.89318,0.89331,0.0,0,1740539101172,130,0.0
1740539104,0.89319,0.89331,0.0,0,1740539104949,130,0.0
1740539115,0.89318,0.89331,0.0,0,1740539115666,130,0.0
1740539121,0.89319,0.89331,0.0,0,1740539121927,130,0.0
1740539123,0.89318,0.89331,0.0,0,1740539123958,130,0.0
1740539141,0.89318,0.8933,0.0,0,1740539141168,4,0.0
1740539142,0.89317,0.8933,0.0,0,1740539142461,130,0.0
1740539143,0.89318,0.89331,0.0,0,1740539143143,134,0.0
1740539143,0.8932,0.89332,0.0,0,1740539143245,134,0.0
1740539144,0.89319,0.89332,0.0,0,1740539144265,130,0.0
1740539147,0.8932,0.89333,0.0,0,1740539147279,134,0.0
1740539158,0.8932,0.89332,0.0,0,1740539158346,4,0.0
1740539160,0.89319,0.89331,0.0,0,1740539160787,134,0.0
1740539162,0.8932,0.89333,0.0,0,1740539162201,134,0.0
1740539171,0.8932,0.89332,0.0,0,1740539171152,4,0.0
1740539173,0.89319,0.89332,0.0,0,1740539173268,130,0.0
1740539180,0.89319,0.89331,0.0,0,1740539180170,4,0.0
1740539182,0.89318,0.89331,0.0,0,1740539182087,130,0.0
1740539185,0.89318,0.8933,0.0,0,1740539185440,4,0.0
1740539186,0.89317,0.8933,0.0,0,1740539186817,130,0.0
1740539191,0.89318,0.8933,0.0,0,1740539191879,130,0.0
1740539192,0.8932,0.89332,0.0,0,1740539192806,134,0.0
1740539194,0.89321,0.89333,0.0,0,1740539194025,134,0.0
1740539197,0.8932,0.89333,0.0,0,1740539197974,130,0.0
1740539212,0.89318,0.89331,0.0,0,1740539212920,134,0.0
1740539220,0.89318,0.89331,0.0,0,1740539220084,130,0.0
1740539221,0.8932,0.89332,0.0,0,1740539221720,134,0.0
1740539222,0.8932,0.89333,0.0,0,1740539222953,4,0.0
1740539231,0.89321,0.89333,0.0,0,1740539231262,130,0.0
1740539236,0.8932,0.89333,0.0,0,1740539236214,130,0.0
1740539241,0.89321,0.89333,0.0,0,1740539241647,130,0.0
1740539242,0.8932,0.89333,0.0,0,1740539242803,130,0.0
1740539244,0.89321,0.89333,0.0,0,1740539244433,130,0.0
1740539246,0.8932,0.89333,0.0,0,1740539246428,130,0.0
1740539251,0.8932,0.89332,0.0,0,1740539251364,4,0.0
1740539257,0.8932,0.89333,0.0,0,1740539257082,4,0.0
1740539259,0.89323,0.89335,0.0,0,1740539259044,134,0.0
1740539260,0.89324,0.89337,0.0,0,1740539260228,134,0.0
1740539262,0.89325,0.89337,0.0,0,1740539262405,130,0.0
1740539265,0.89324,0.89337,0.0,0,1740539265074,130,0.0
1740539267,0.89324,0.89336,0.0,0,1740539267407,4,0.0
1740539270,0.89324,0.89337,0.0,0,1740539270055,4,0.0
1740539274,0.89325,0.89337,0.0,0,1740539274621,130,0.0
1740539276,0.89324,0.89337,0.0,0,1740539276316,130,0.0
1740539280,0.89324,0.89337,0.0,0,1740539280134,130,0.0
1740539284,0.89324,0.89336,0.0,0,1740539284450,4,0.0
1740539288,0.89324,0.89337,0.0,0,1740539288715,4,0.0
1740539291,0.89324,0.89336,0.0,0,1740539291882,4,0.0
1740539292,0.89323,0.89335,0.0,0,1740539292443,134,0.0
1740539293,0.89322,0.89335,0.0,0,1740539293455,130,0.0
1740539293,0.8932,0.89333,0.0,0,1740539293881,134,0.0
1740539328,0.89321,0.89333,0.0,0,1740539328998,130,0.0
1740539330,0.8932,0.89333,0.0,0,1740539330012,130,0.0
1740539340,0.89322,0.89334,0.0,0,1740539340549,134,0.0
1740539341,0.89322,0.89335,0.0,0,1740539341970,4,0.0
1740539346,0.89323,0.89336,0.0,0,1740539346237,134,0.0
1740539347,0.89324,0.89336,0.0,0,1740539347272,130,0.0
1740539349,0.89324,0.89337,0.0,0,1740539349303,4,0.0
1740539351,0.89324,0.89336,0.0,0,1740539351372,4,0.0
1740539355,0.89323,0.89336,0.0,0,1740539355261,130,0.0
1740539356,0.89322,0.89335,0.0,0,1740539356413,134,0.0
1740539359,0.89323,0.89335,0.0,0,1740539359963,130,0.0
1740539361,0.89324,0.89336,0.0,0,1740539361317,134,0.0
1740539362,0.89324,0.89337,0.0,0,1740539362332,4,0.0
1740539377,0.89324,0.89336,0.0,0,1740539377114,4,0.0
1740539377,0.89321,0.89334,0.0,0,1740539377149,134,0.0
1740539378,0.8932,0.89333,0.0,0,1740539378241,134,0.0
1740539382,0.8932,0.89332,0.0,0,1740539382641,4,0.0
1740539385,0.8932,0.89333,0.0,0,1740539385122,4,0.0
1740539389,0.89321,0.89334,0.0,0,1740539389808,134,0.0
1740539391,0.89322,0.89335,0.0,0,1740539391102,134,0.0
1740539392,0.89321,0.89334,0.0,0,1740539392726,134,0.0
1740539393,0.89322,0.89334,0.0,0,1740539393234,130,0.0
1740539394,0.89322,0.89335,0.0,0,1740539394714,4,0.0
1740539396,0.89321,0.89334,0.0,0,1740539396549,134,0.0
1740539397,0.89322,0.89335,0.0,0,1740539397871,134,0.0
1740539400,0.89322,0.89335,0.0,0,1740539400093,130,0.0
1740539400,0.8932,0.89333,0.0,0,1740539400545,134,0.0
1740539403,0.89321,0.89334,0.0,0,1740539403244,134,0.0
1740539404,0.89322,0.89334,0.0,0,1740539404244,130,0.0
1740539406,0.89322,0.89335,0.0,0,1740539406333,4,0.0
1740539409,0.89321,0.89334,0.0,0,1740539409183,134,0.0
1740539410,0.8932,0.89333,0.0,0,1740539410376,134,0.0
1740539415,0.89323,0.89335,0.0,0,1740539415140,134,0.0
1740539416,0.89324,0.89337,0.0,0,1740539416259,134,0.0
1740539418,0.89322,0.89334,0.0,0,1740539418866,134,0.0
1740539418,0.8932,0.89332,0.0,0,1740539418891,134,0.0
1740539419,0.89318,0.89331,0.0,0,1740539419981,134,0.0
1740539427,0.89316,0.89329,0.0,0,1740539427892,134,0.0
1740539430,0.89316,0.89328,0.0,0,1740539430024,4,0.0
1740539434,0.89318,0.89331,0.0,0,1740539434822,134,0.0
1740539435,0.8932,0.89333,0.0,0,1740539435175,134,0.0
1740539440,0.89319,0.89332,0.0,0,1740539440974,134,0.0
1740539441,0.89317,0.8933,0.0,0,1740539441011,134,0.0
1740539441,0.89315,0.89327,0.0,0,1740539441269,134,0.0
1740539441,0.89317,0.8933,0.0,0,1740539441332,134,0.0
1740539443,0.89316,0.89329,0.0,0,1740539443621,134,0.0
1740539444,0.89315,0.89327,0.0,0,1740539444978,134,0.0
1740539446,0.89315,0.89328,0.0,0,1740539446042,4,0.0
1740539458,0.89316,0.89328,0.0,0,1740539458225,130,0.0
1740539460,0.89315,0.89328,0.0,0,1740539460727,130,0.0
1740539461,0.89316,0.89328,0.0,0,1740539461733,130,0.0
1740539462,0.89317,0.89329,0.0,0,1740539462244,134,0.0
1740539463,0.89318,0.8933,0.0,0,1740539463394,134,0.0
1740539464,0.89317,0.8933,0.0,0,1740539464938,130,0.0
1740539466,0.89318,0.8933,0.0,0,1740539466010,130,0.0
1740539468,0.89317,0.8933,0.0,0,1740539468261,130,0.0
1740539469,0.89316,0.89329,0.0,0,1740539469383,134,0.0
1740539470,0.89318,0.89331,0.0,0,1740539470673,134,0.0
1740539471,0.89318,0.8933,0.0,0,1740539471707,4,0.0
1740539473,0.89318,0.89331,0.0,0,1740539473962,4,0.0
1740539476,0.89318,0.8933,0.0,0,1740539476703,4,0.0
1740539478,0.89318,0.89331,0.0,0,1740539478757,4,0.0
1740539482,0.89318,0.8933,0.0,0,1740539482315,4,0.0
1740539482,0.89316,0.89328,0.0,0,1740539482344,134,0.0
1740539486,0.89315,0.89328,0.0,0,1740539486992,130,0.0
1740539491,0.89314,0.89327,0.0,0,1740539491899,134,0.0
1740539492,0.89314,0.89326,0.0,0,1740539492539,4,0.0
1740539495,0.89313,0.89325,0.0,0,1740539495264,134,0.0
1740539499,0.89312,0.89325,0.0,0,1740539499189,130,0.0
1740539503,0.89313,0.89325,0.0,0,1740539503854,130,0.0
1740539504,0.89315,0.89327,0.0,0,1740539504462,134,0.0
1740539505,0.89315,0.89328,0.0,0,1740539505549,4,0.0
1740539508,0.89315,0.89327,0.0,0,1740539508989,4,0.0
1740539510,0.89315,0.89328,0.0,0,1740539510255,4,0.0
1740539510,0.89314,0.89327,0.0,0,1740539510880,134,0.0
1740539511,0.89314,0.89326,0.0,0,1740539511922,4,0.0
1740539512,0.89314,0.89327,0.0,0,1740539512938,4,0.0
1740539515,0.89314,0.89326,0.0,0,1740539515248,4,0.0
1740539518,0.89314,0.89327,0.0,0,1740539518047,4,0.0
1740539519,0.89315,0.89328,0.0,0,1740539519515,134,0.0
1740539521,0.89316,0.89328,0.0,0,1740539521013,130,0.0
1740539528,0.89315,0.89328,0.0,0,1740539528111,130,0.0
1740539529,0.89316,0.89328,0.0,0,1740539529226,130,0.0
1740539532,0.89315,0.89328,0.0,0,1740539532398,130,0.0
1740539539,0.89314,0.89326,0.0,0,1740539539442,134,0.0
1740539541,0.89314,0.89327,0.0,0,1740539541648,4,0.0
1740539550,0.89314,0.89326,0.0,0,1740539550110,4,0.0
1740539551,0.89314,0.89327,0.0,0,1740539551110,4,0.0
1740539554,0.89314,0.89326,0.0,0,1740539554227,4,0.0
1740539555,0.89312,0.89325,0.0,0,1740539555070,134,0.0
1740539563,0.89313,0.89325,0.0,0,1740539563253,130,0.0
1740539563,0.89314,0.89326,0.0,0,1740539563760,134,0.0
1740539569,0.89312,0.89324,0.0,0,1740539569442,134,0.0
1740539570,0.89312,0.89325,0.0,0,1740539570474,4,0.0
1740539571,0.89314,0.89327,0.0,0,1740539571938,134,0.0
1740539574,0.89313,0.89326,0.0,0,1740539574344,134,0.0
1740539575,0.89312,0.89324,0.0,0,1740539575202,134,0.0
1740539577,0.89312,0.89325,0.0,0,1740539577499,4,0.0
1740539580,0.89312,0.89324,0.0,0,1740539580873,134,0.0
1740539582,0.89312,0.89325,0.0,0,1740539582793,4,0.0
1740539586,0.89314,0.89326,0.0,0,1740539586153,134,0.0
1740539587,0.89314,0.89327,0.0,0,1740539587169,4,0.0
1740539592,0.89314,0.89326,0.0,0,1740539592338,4,0.0
1740539594,0.89315,0.89327,0.0,0,1740539594236,134,0.0
1740539595,0.89314,0.89327,0.0,0,1740539595517,130,0.0
1740539597,0.89314,0.89326,0.0,0,1740539597548,4,0.0
1740539599,0.89314,0.89327,0.0,0,1740539599635,4,0.0
1740539604,0.89315,0.89328,0.0,0,1740539604429,134,0.0
1740539607,0.89314,0.89327,0.0,0,1740539607475,134,0.0
1740539608,0.89315,0.89328,0.0,0,1740539608604,134,0.0
1740539610,0.89316,0.89329,0.0,0,1740539610084,134,0.0
1740539610,0.89318,0.89331,0.0,0,1740539610856,134,0.0
1740539611,0.8932,0.89333,0.0,0,1740539611085,134,0.0
1740539612,0.89322,0.89335,0.0,0,1740539612235,134,0.0
1740539618,0.8932,0.89333,0.0,0,1740539618662,134,0.0
1740539618,0.89318,0.89331,0.0,0,1740539618695,134,0.0
1740539620,0.89317,0.8933,0.0,0,1740539620951,134,0.0
1740539621,0.89318,0.89331,0.0,0,1740539621702,134,0.0
1740539621,0.8932,0.89333,0.0,0,1740539621712,134,0.0
1740539625,0.89318,0.8933,0.0,0,1740539625203,134,0.0
1740539627,0.89317,0.8933,0.0,0,1740539627351,130,0.0
1740539628,0.89318,0.8933,0.0,0,1740539628995,130,0.0
1740539630,0.89315,0.89328,0.0,0,1740539630474,134,0.0
1740539630,0.89313,0.89326,0.0,0,1740539630500,134,0.0
1740539631,0.89314,0.89327,0.0,0,1740539631622,134,0.0
1740539638,0.89315,0.89327,0.0,0,1740539638391,130,0.0
1740539640,0.89315,0.89327,0.0,0,1740539640417,130,0.0
1740539641,0.89315,0.89328,0.0,0,1740539641431,4,0.0
1740539642,0.89314,0.89327,0.0,0,1740539642560,134,0.0
1740539642,0.89313,0.89325,0.0,0,1740539642813,134,0.0
1740539644,0.89312,0.89325,0.0,0,1740539644190,130,0.0
1740539652,0.89312,0.89324,0.0,0,1740539652627,4,0.0
1740539653,0.89312,0.89325,0.0,0,1740539653631,4,0.0
1740539665,0.89313,0.89326,0.0,0,1740539665178,134,0.0
1740539667,0.89314,0.89326,0.0,0,1740539667343,130,0.0
1740539671,0.89314,0.89327,0.0,0,1740539671767,4,0.0
1740539680,0.89317,0.8933,0.0,0,1740539680190,134,0.0
1740539680,0.89319,0.89331,0.0,0,1740539680379,134,0.0
1740539681,0.89319,0.89332,0.0,0,1740539681383,4,0.0
1740539687,0.89319,0.89331,0.0,0,1740539687974,4,0.0
1740539689,0.89317,0.8933,0.0,0,1740539689556,134,0.0
1740539689,0.89315,0.89328,0.0,0,1740539689640,134,0.0
1740539690,0.89315,0.89327,0.0,0,1740539690673,4,0.0
1740539691,0.89315,0.89328,0.0,0,1740539691745,4,0.0
1740539692,0.89314,0.89326,0.0,0,1740539692281,134,0.0
1740539694,0.89313,0.89326,0.0,0,1740539694339,130,0.0
1740539698,0.89315,0.89328,0.0,0,1740539698839,134,0.0
1740539700,0.89315,0.89328,0.0,0,1740539700906,130,0.0
1740539701,0.89314,0.89327,0.0,0,1740539701538,134,0.0
1740539702,0.89314,0.89326,0.0,0,1740539702750,4,0.0
1740539707,0.89314,0.89327,0.0,0,1740539707735,4,0.0
1740539719,0.89316,0.89329,0.0,0,1740539719807,134,0.0
1740539720,0.89317,0.8933,0.0,0,1740539720849,134,0.0
1740539721,0.89317,0.89329,0.0,0,1740539721886,4,0.0
1740539723,0.89317,0.8933,0.0,0,1740539723613,4,0.0
1740539730,0.89315,0.89328,0.0,0,1740539730693,134,0.0
1740539730,0.89313,0.89326,0.0,0,1740539730722,134,0.0
1740539732,0.89312,0.89325,0.0,0,1740539732790,134,0.0
1740539736,0.89313,0.89325,0.0,0,1740539736092,130,0.0
1740539741,0.89312,0.89325,0.0,0,1740539741719,130,0.0
1740539751,0.89313,0.89325,0.0,0,1740539751646,130,0.0
1740539753,0.89315,0.89327,0.0,0,1740539753009,134,0.0
1740539754,0.89316,0.89328,0.0,0,1740539754578,134,0.0
1740539760,0.89316,0.89328,0.0,0,1740539760467,130,0.0
1740539763,0.89316,0.89329,0.0,0,1740539763773,4,0.0
1740539769,0.89316,0.89328,0.0,0,1740539769790,4,0.0
1740539772,0.89315,0.89328,0.0,0,1740539772612,130,0.0
1740539773,0.89313,0.89326,0.0,0,1740539773278,134,0.0
1740539773,0.89311,0.89324,0.0,0,1740539773404,134,0.0
1740539774,0.89312,0.89324,0.0,0,1740539774316,130,0.0
1740539779,0.89312,0.89325,0.0,0,1740539779488,4,0.0
1740539780,0.89312,0.89324,0.0,0,1740539780505,4,0.0
1740539785,0.89313,0.89325,0.0,0,1740539785714,134,0.0
1740539787,0.89312,0.89325,0.0,0,1740539787327,130,0.0
1740539791,0.89312,0.89324,0.0,0,1740539791825,4,0.0
1740539800,0.89312,0.89325,0.0,0,1740539800586,4,0.0
1740539801,0.89313,0.89326,0.0,0,1740539801951,134,0.0
1740539805,0.89314,0.89326,0.0,0,1740539805724,130,0.0
1740539806,0.89316,0.89329,0.0,0,1740539806339,134,0.0
1740539807,0.89317,0.8933,0.0,0,1740539807375,134,0.0
1740539816,0.89317,0.89329,0.0,0,1740539816513,4,0.0
1740539817,0.89316,0.89329,0.0,0,1740539817638,130,0.0
1740539820,0.89316,0.89328,0.0,0,1740539820561,134,0.0
1740539828,0.89316,0.89329,0.0,0,1740539828358,4,0.0
1740539838,0.89316,0.89328,0.0,0,1740539838307,4,0.0
1740539838,0.89314,0.89326,0.0,0,1740539838390,134,0.0
1740539839,0.89313,0.89326,0.0,0,1740539839469,130,0.0
1740539840,0.89314,0.89326,0.0,0,1740539840484,130,0.0
1740539846,0.89314,0.89327,0.0,0,1740539846557,4,0.0
1740539849,0.89315,0.89327,0.0,0,1740539849391,130,0.0
1740539855,0.89315,0.89328,0.0,0,1740539855827,4,0.0
1740539861,0.89315,0.89327,0.0,0,1740539861177,4,0.0
1740539864,0.89315,0.89328,0.0,0,1740539864231,4,0.0
1740539880,0.89315,0.89328,0.0,0,1740539880082,130,0.0
1740539890,0.89314,0.89326,0.0,0,1740539890242,134,0.0
1740539892,0.89313,0.89326,0.0,0,1740539892266,130,0.0
1740539894,0.89314,0.89327,0.0,0,1740539894841,134,0.0
1740539896,0.89315,0.89328,0.0,0,1740539896249,134,0.0
1740539899,0.89313,0.89326,0.0,0,1740539899650,134,0.0
1740539906,0.89313,0.89325,0.0,0,1740539906932,4,0.0
1740539908,0.89312,0.89324,0.0,0,1740539908298,134,0.0
1740539909,0.89311,0.89324,0.0,0,1740539909863,130,0.0
1740539914,0.89312,0.89324,0.0,0,1740539914489,130,0.0
1740539915,0.89313,0.89325,0.0,0,1740539915375,134,0.0
1740539916,0.89313,0.89326,0.0,0,1740539916378,4,0.0
1740539917,0.89312,0.89325,0.0,0,1740539917422,134,0.0
1740539921,0.89312,0.89324,0.0,0,1740539921508,4,0.0
1740539926,0.89311,0.89324,0.0,0,1740539926222,130,0.0
1740539927,0.89312,0.89324,0.0,0,1740539927998,130,0.0
1740539929,0.89312,0.89325,0.0,0,1740539929174,4,0.0
1740539930,0.89313,0.89326,0.0,0,1740539930456,134,0.0
1740539931,0.89312,0.89325,0.0,0,1740539931355,134,0.0
1740539931,0.89311,0.89324,0.0,0,1740539931894,134,0.0
1740539932,0.89311,0.89323,0.0,0,1740539932975,4,0.0
1740539935,0.89311,0.89324,0.0,0,1740539935176,4,0.0
1740539936,0.89311,0.89323,0.0,0,1740539936177,4,0.0
1740539937,0.89311,0.89324,0.0,0,1740539937275,4,0.0
1740539940,0.8931,0.89323,0.0,0,1740539940270,134,0.0
1740539941,0.8931,0.89322,0.0,0,1740539941336,4,0.0
1740539943,0.8931,0.89323,0.0,0,1740539943367,4,0.0
1740539955,0.8931,0.89322,0.0,0,1740539955437,4,0.0
1740539956,0.8931,0.89323,0.0,0,1740539956451,4,0.0
1740539958,0.8931,0.89322,0.0,0,1740539958527,4,0.0
1740539960,0.8931,0.89323,0.0,0,1740539960175,4,0.0
1740539974,0.89311,0.89323,0.0,0,1740539974540,130,0.0
1740539975,0.89312,0.89325,0.0,0,1740539975799,134,0.0
1740539976,0.89312,0.89324,0.0,0,1740539976762,4,0.0
1740539979,0.89312,0.89325,0.0,0,1740539979081,4,0.0
1740539982,0.89312,0.89324,0.0,0,1740539982707,4,0.0
1740539986,0.89311,0.89324,0.0,0,1740539986799,130,0.0
1740539989,0.89311,0.89323,0.0,0,1740539989575,4,0.0
1740539990,0.8931,0.89323,0.0,0,1740539990579,130,0.0
1740539992,0.8931,0.89322,0.0,0,1740539992665,4,0.0
1740539995,0.89309,0.89322,0.0,0,1740539995994,130,0.0
1740540000,0.89309,0.89322,0.0,0,1740540000190,130,0.0
1740540007,0.8931,0.89322,0.0,0,1740540007783,130,0.0
1740540013,0.89309,0.89322,0.0,0,1740540013507,130,0.0
1740540020,0.8931,0.89322,0.0,0,1740540020775,130,0.0
1740540024,0.89309,0.89322,0.0,0,1740540024473,130,0.0
1740540027,0.89307,0.8932,0.0,0,1740540027512,134,0.0
1740540028,0.89308,0.8932,0.0,0,1740540028724,130,0.0
1740540029,0.89309,0.89321,0.0,0,1740540029780,134,0.0
1740540043,0.89309,0.89322,0.0,0,1740540043475,4,0.0
1740540043,0.89311,0.89324,0.0,0,1740540043501,134,0.0
1740540043,0.89313,0.89326,0.0,0,1740540043663,134,0.0
1740540044,0.89315,0.89328,0.0,0,1740540044728,134,0.0
1740540048,0.89315,0.89327,0.0,0,1740540048902,4,0.0
1740540055,0.89315,0.89328,0.0,0,1740540055072,4,0.0
1740540060,0.89315,0.89328,0.0,0,1740540060659,130,0.0
1740540061,0.89315,0.89327,0.0,0,1740540061945,4,0.0
1740540063,0.89315,0.89328,0.0,0,1740540063689,4,0.0
1740540064,0.89316,0.89329,0.0,0,1740540064697,134,0.0
1740540067,0.89316,0.89328,0.0,0,1740540067144,4,0.0
1740540074,0.89315,0.89328,0.0,0,1740540074331,130,0.0
1740540075,0.89316,0.89328,0.0,0,1740540075357,130,0.0
1740540078,0.89315,0.89328,0.0,0,1740540078628,130,0.0
1740540101,0.89314,0.89327,0.0,0,1740540101580,134,0.0
1740540104,0.89314,0.89326,0.0,0,1740540104633,4,0.0
1740540105,0.89313,0.89326,0.0,0,1740540105648,130,0.0
1740540112,0.89313,0.89325,0.0,0,1740540112601,4,0.0
1740540117,0.89313,0.89326,0.0,0,1740540117099,4,0.0
1740540120,0.89313,0.89326,0.0,0,1740540120310,130,0.0
1740540120,0.89313,0.89325,0.0,0,1740540120963,4,0.0
1740540126,0.89312,0.89325,0.0,0,1740540126067,130,0.0
1740540132,0.89313,0.89325,0.0,0,1740540132214,130,0.0
1740540138,0.89312,0.89325,0.0,0,1740540138644,130,0.0
1740540144,0.89313,0.89325,0.0,0,1740540144792,130,0.0
1740540146,0.89312,0.89325,0.0,0,1740540146450,130,0.0
1740540147,0.89313,0.89325,0.0,0,1740540147486,130,0.0
1740540148,0.89312,0.89325,0.0,0,1740540148514,130,0.0
1740540149,0.89313,0.89325,0.0,0,1740540149531,130,0.0
1740540150,0.89314,0.89326,0.0,0,1740540150534,134,0.0
1740540153,0.89313,0.89326,0.0,0,1740540153591,130,0.0
1740540154,0.89314,0.89326,0.0,0,1740540154607,130,0.0
1740540155,0.89313,0.89326,0.0,0,1740540155904,130,0.0
1740540161,0.89314,0.89327,0.0,0,1740540161372,134,0.0
1740540161,0.89316,0.89329,0.0,0,1740540161450,134,0.0
1740540162,0.89317,0.8933,0.0,0,1740540162503,134,0.0
1740540168,0.89317,0.89329,0.0,0,1740540168634,4,0.0
1740540169,0.89316,0.89328,0.0,0,1740540169662,134,0.0
1740540170,0.89315,0.89328,0.0,0,1740540170666,130,0.0
1740540181,0.89315,0.89328,0.0,0,1740540181004,130,0.0
1740540184,0.89316,0.89328,0.0,0,1740540184272,130,0.0
1740540184,0.89318,0.8933,0.0,0,1740540184344,134,0.0
1740540185,0.89319,0.89332,0.0,0,1740540185348,134,0.0
1740540187,0.8932,0.89332,0.0,0,1740540187604,130,0.0
1740540194,0.89319,0.89332,0.0,0,1740540194331,130,0.0
1740540205,0.89319,0.89331,0.0,0,1740540205090,4,0.0
1740540207,0.89319,0.89332,0.0,0,1740540207479,4,0.0
1740540213,0.89319,0.89331,0.0,0,1740540213297,4,0.0
1740540216,0.89319,0.89332,0.0,0,1740540216371,4,0.0
1740540217,0.89319,0.89331,0.0,0,1740540217725,4,0.0
1740540222,0.89319,0.89332,0.0,0,1740540222084,4,0.0
1740540223,0.89318,0.89331,0.0,0,1740540223149,134,0.0
1740540225,0.89318,0.8933,0.0,0,1740540225223,4,0.0
1740540226,0.89318,0.89331,0.0,0,1740540226583,4,0.0
1740540229,0.89318,0.8933,0.0,0,1740540229501,4,0.0
1740540235,0.89318,0.89331,0.0,0,1740540235773,4,0.0
1740540236,0.89318,0.8933,0.0,0,1740540236841,4,0.0
1740540238,0.89318,0.89331,0.0,0,1740540238056,4,0.0
1740540240,0.89318,0.89331,0.0,0,1740540240625,130,0.0
1740540242,0.8932,0.89333,0.0,0,1740540242395,134,0.0
1740540244,0.8932,0.89332,0.0,0,1740540244900,4,0.0
1740540247,0.89319,0.89332,0.0,0,1740540247120,130,0.0
1740540248,0.8932,0.89332,0.0,0,1740540248363,130,0.0
1740540249,0.89319,0.89332,0.0,0,1740540249366,130,0.0
1740540256,0.8932,0.89333,0.0,0,1740540256271,134,0.0
1740540257,0.8932,0.89332,0.0,0,1740540257544,4,0.0
1740540263,0.8932,0.89333,0.0,0,1740540263161,4,0.0
1740540265,0.8932,0.89332,0.0,0,1740540265497,4,0.0
1740540266,0.8932,0.89333,0.0,0,1740540266879,4,0.0
1740540269,0.89322,0.89335,0.0,0,1740540269263,134,0.0
1740540271,0.89322,0.89334,0.0,0,1740540271360,4,0.0
1740540275,0.89322,0.89335,0.0,0,1740540275593,4,0.0
1740540278,0.89323,0.89335,0.0,0,1740540278420,130,0.0
1740540279,0.89323,0.89336,0.0,0,1740540279428,4,0.0
1740540287,0.89324,0.89337,0.0,0,1740540287153,134,0.0
1740540288,0.89325,0.89337,0.0,0,1740540288225,130,0.0
1740540292,0.89324,0.89337,0.0,0,1740540292399,130,0.0
1740540294,0.89326,0.89339,0.0,0,1740540294876,134,0.0
1740540296,0.89325,0.89338,0.0,0,1740540296348,134,0.0
1740540300,0.89326,0.89339,0.0,0,1740540300142,134,0.0
1740540302,0.89327,0.89339,0.0,0,1740540302438,130,0.0
1740540304,0.89327,0.8934,0.0,0,1740540304422,4,0.0
1740540305,0.89328,0.8934,0.0,0,1740540305439,130,0.0
1740540314,0.89328,0.89341,0.0,0,1740540314954,4,0.0
1740540318,0.89329,0.89341,0.0,0,1740540318125,130,0.0
1740540319,0.89331,0.89343,0.0,0,1740540319112,134,0.0
1740540321,0.89331,0.89344,0.0,0,1740540321611,4,0.0
1740540324,0.89332,0.89344,0.0,0,1740540324658,130,0.0
1740540333,0.89332,0.89345,0.0,0,1740540333774,4,0.0
1740540337,0.89333,0.89346,0.0,0,1740540337610,134,0.0
1740540338,0.89335,0.89348,0.0,0,1740540338974,134,0.0
1740540339,0.89337,0.8935,0.0,0,1740540339033,134,0.0
1740540339,0.89339,0.89352,0.0,0,1740540339130,134,0.0
1740540340,0.8934,0.89353,0.0,0,1740540340327,134,0.0
1740540342,0.89342,0.89355,0.0,0,1740540342712,134,0.0
1740540343,0.89343,0.89355,0.0,0,1740540343712,130,0.0
1740540344,0.89342,0.89354,0.0,0,1740540344844,134,0.0
1740540346,0.89343,0.89356,0.0,0,1740540346807,134,0.0
1740540348,0.89344,0.89357,0.0,0,1740540348272,134,0.0
1740540349,0.89345,0.89358,0.0,0,1740540349290,134,0.0
1740540357,0.89344,0.89356,0.0,0,1740540357008,134,0.0
1740540359,0.89344,0.89357,0.0,0,1740540359846,4,0.0
1740540360,0.89345,0.89358,0.0,0,1740540360900,134,0.0
1740540363,0.89343,0.89356,0.0,0,1740540363347,134,0.0
1740540365,0.89342,0.89355,0.0,0,1740540365746,134,0.0
1740540370,0.89344,0.89357,0.0,0,1740540370130,134,0.0
1740540374,0.89342,0.89355,0.0,0,1740540374258,134,0.0
1740540379,0.89341,0.89354,0.0,0,1740540379456,134,0.0
1740540380,0.8934,0.89353,0.0,0,1740540380640,134,0.0
1740540381,0.89341,0.89353,0.0,0,1740540381645,130,0.0
1740540383,0.89341,0.89354,0.0,0,1740540383143,4,0.0
1740540388,0.89341,0.89353,0.0,0,1740540388183,4,0.0
1740540390,0.8934,0.89353,0.0,0,1740540390518,130,0.0
1740540405,0.89339,0.89352,0.0,0,1740540405006,134,0.0
1740540405,0.89338,0.8935,0.0,0,1740540405073,134,0.0
1740540406,0.89337,0.89349,0.0,0,1740540406702,134,0.0
1740540406,0.89335,0.89347,0.0,0,1740540406781,134,0.0
1740540407,0.89334,0.89346,0.0,0,1740540407685,134,0.0
1740540409,0.89334,0.89347,0.0,0,1740540409711,4,0.0
1740540412,0.89334,0.89346,0.0,0,1740540412511,4,0.0
1740540413,0.89334,0.89347,0.0,0,1740540413466,4,0.0
1740540420,0.89334,0.89347,0.0,0,1740540420655,130,0.0
1740540421,0.89334,0.89346,0.0,0,1740540421597,4,0.0
1740540422,0.89333,0.89345,0.0,0,1740540422727,134,0.0
1740540425,0.89332,0.89345,0.0,0,1740540425319,130,0.0
1740540425,0.89333,0.89346,0.0,0,1740540425899,134,0.0
1740540426,0.89334,0.89346,0.0,0,1740540426694,130,0.0
1740540438,0.89333,0.89346,0.0,0,1740540438478,130,0.0
1740540439,0.89334,0.89346,0.0,0,1740540439494,130,0.0
1740540441,0.89333,0.89345,0.0,0,1740540441587,134,0.0
1740540444,0.89333,0.89346,0.0,0,1740540444021,4,0.0
1740540445,0.89333,0.89345,0.0,0,1740540445022,4,0.0
1740540448,0.89333,0.89346,0.0,0,1740540448243,4,0.0
1740540450,0.89333,0.89345,0.0,0,1740540450602,4,0.0
1740540453,0.89335,0.89347,0.0,0,1740540453314,134,0.0
1740540454,0.89334,0.89347,0.0,0,1740540454245,130,0.0
1740540455,0.89335,0.89347,0.0,0,1740540455122,130,0.0
1740540461,0.89335,0.89348,0.0,0,1740540461379,4,0.0
1740540462,0.89336,0.89349,0.0,0,1740540462423,134,0.0
1740540464,0.89335,0.89348,0.0,0,1740540464730,134,0.0
1740540465,0.89335,0.89347,0.0,0,1740540465757,4,0.0
1740540466,0.89335,0.89348,0.0,0,1740540466793,4,0.0
1740540473,0.89334,0.89347,0.0,0,1740540473290,134,0.0
1740540479,0.89335,0.89347,0.0,0,1740540479122,130,0.0
1740540480,0.89335,0.89347,0.0,0,1740540480126,130,0.0
1740540482,0.89334,0.89347,0.0,0,1740540482010,130,0.0
1740540487,0.89335,0.89348,0.0,0,1740540487944,134,0.0
1740540489,0.89337,0.89349,0.0,0,1740540489338,134,0.0
1740540492,0.89336,0.89348,0.0,0,1740540492909,134,0.0
1740540495,0.89337,0.8935,0.0,0,1740540495052,134,0.0
1740540514,0.89338,0.8935,0.0,0,1740540514071,130,0.0
1740540518,0.89337,0.8935,0.0,0,1740540518232,130,0.0
1740540519,0.89338,0.8935,0.0,0,1740540519234,130,0.0
1740540521,0.89338,0.89351,0.0,0,1740540521689,4,0.0
1740540524,0.89339,0.89352,0.0,0,1740540524277,134,0.0
1740540525,0.8934,0.89352,0.0,0,1740540525284,130,0.0
1740540529,0.89339,0.89352,0.0,0,1740540529369,130,0.0
1740540530,0.89339,0.89351,0.0,0,1740540530498,4,0.0
1740540533,0.89339,0.89352,0.0,0,1740540533059,4,0.0
1740540533,0.89338,0.89351,0.0,0,1740540533909,134,0.0
1740540534,0.89338,0.8935,0.0,0,1740540534929,4,0.0
1740540540,0.89338,0.8935,0.0,0,1740540540337,130,0.0
1740540542,0.89337,0.8935,0.0,0,1740540542436,130,0.0
1740540543,0.89338,0.8935,0.0,0,1740540543472,130,0.0
1740540548,0.89338,0.89351,0.0,0,1740540548809,4,0.0
1740540549,0.89338,0.8935,0.0,0,1740540549986,4,0.0
1740540565,0.89338,0.89351,0.0,0,1740540565253,4,0.0
1740540572,0.89339,0.89351,0.0,0,1740540572950,130,0.0
1740540574,0.89338,0.89351,0.0,0,1740540574247,130,0.0
1740540574,0.89339,0.89351,0.0,0,1740540574869,130,0.0
1740540579,0.89339,0.89352,0.0,0,1740540579324,4,0.0
1740540580,0.89339,0.89351,0.0,0,1740540580338,4,0.0
1740540595,0.89337,0.8935,0.0,0,1740540595173,134,0.0
1740540598,0.89338,0.8935,0.0,0,1740540598208,130,0.0
1740540600,0.89338,0.8935,0.0,0,1740540600245,130,0.0
1740540601,0.89337,0.8935,0.0,0,1740540601417,130,0.0
1740540603,0.89337,0.89349,0.0,0,1740540603073,4,0.0
1740540605,0.89337,0.8935,0.0,0,1740540605308,4,0.0
1740540606,0.89336,0.89349,0.0,0,1740540606514,134,0.0
1740540610,0.89337,0.89349,0.0,0,1740540610347,130,0.0
1740540611,0.89337,0.8935,0.0,0,1740540611381,4,0.0
1740540614,0.89338,0.8935,0.0,0,1740540614321,130,0.0
1740540614,0.8934,0.89353,0.0,0,1740540614351,134,0.0
1740540614,0.89342,0.89355,0.0,0,1740540614527,134,0.0
1740540614,0.89344,0.89357,0.0,0,1740540614554,134,0.0
1740540615,0.89344,0.89356,0.0,0,1740540615721,4,0.0
1740540616,0.89342,0.89355,0.0,0,1740540616533,134,0.0
1740540617,0.89341,0.89354,0.0,0,1740540617348,134,0.0
1740540620,0.89341,0.89353,0.0,0,1740540620956,4,0.0
1740540621,0.8934,0.89353,0.0,0,1740540621871,130,0.0
1740540622,0.89341,0.89353,0.0,0,1740540622877,130,0.0
1740540624,0.89341,0.89354,0.0,0,1740540624981,4,0.0
1740540625,0.89341,0.89353,0.0,0,1740540625916,4,0.0
1740540629,0.8934,0.89352,0.0,0,1740540629571,134,0.0
1740540630,0.89339,0.89352,0.0,0,1740540630571,130,0.0
1740540631,0.89338,0.89351,0.0,0,1740540631860,134,0.0
1740540636,0.8934,0.89352,0.0,0,1740540636394,134,0.0
1740540636,0.89342,0.89354,0.0,0,1740540636417,134,0.0
1740540636,0.89344,0.89356,0.0,0,1740540636494,134,0.0
1740540637,0.89345,0.89358,0.0,0,1740540637659,134,0.0
1740540642,0.89344,0.89357,0.0,0,1740540642244,134,0.0
1740540646,0.89344,0.89356,0.0,0,1740540646035,4,0.0
1740540648,0.89343,0.89356,0.0,0,1740540648698,130,0.0
1740540649,0.89344,0.89356,0.0,0,1740540649732,130,0.0
1740540653,0.89345,0.89357,0.0,0,1740540653162,134,0.0
1740540658,0.89343,0.89356,0.0,0,1740540658549,134,0.0
1740540659,0.89344,0.89356,0.0,0,1740540659808,130,0.0
1740540661,0.89344,0.89356,0.0,0,1740540661209,130,0.0
1740540662,0.89344,0.89357,0.0,0,1740540662595,4,0.0
1740540665,0.89343,0.89356,0.0,0,1740540665716,134,0.0
1740540665,0.89341,0.89353,0.0,0,1740540665957,134,0.0
1740540668,0.8934,0.89353,0.0,0,1740540668106,130,0.0
1740540670,0.8934,0.89352,0.0,0,1740540670902,4,0.0
1740540676,0.8934,0.89353,0.0,0,1740540676288,4,0.0
1740540682,0.89341,0.89353,0.0,0,1740540682943,130,0.0
1740540684,0.8934,0.89352,0.0,0,1740540684474,134,0.0
1740540685,0.89339,0.89351,0.0,0,1740540685651,134,0.0
1740540686,0.89338,0.8935,0.0,0,1740540686341,134,0.0
1740540687,0.89337,0.89349,0.0,0,1740540687345,134,0.0
1740540693,0.89336,0.89349,0.0,0,1740540693605,130,0.0
1740540695,0.89337,0.89349,0.0,0,1740540695629,130,0.0
1740540709,0.89337,0.8935,0.0,0,1740540709645,4,0.0
1740540712,0.89337,0.89349,0.0,0,1740540712895,4,0.0
1740540713,0.89337,0.8935,0.0,0,1740540713900,4,0.0
1740540716,0.89336,0.89348,0.0,0,1740540716280,134,0.0
1740540720,0.89336,0.89348,0.0,0,1740540720398,130,0.0
1740540721,0.89335,0.89348,0.0,0,1740540721494,130,0.0
1740540722,0.89336,0.89348,0.0,0,1740540722116,130,0.0
1740540723,0.89336,0.89349,0.0,0,1740540723105,4,0.0
1740540727,0.89335,0.89348,0.0,0,1740540727373,134,0.0
1740540728,0.89336,0.89349,0.0,0,1740540728970,134,0.0
1740540730,0.89337,0.89349,0.0,0,1740540730779,130,0.0
1740540737,0.89336,0.89349,0.0,0,1740540737328,130,0.0
1740540738,0.89337,0.89349,0.0,0,1740540738335,130,0.0
1740540740,0.89336,0.89349,0.0,0,1740540740365,130,0.0
1740540741,0.89339,0.89351,0.0,0,1740540741421,134,0.0
1740540742,0.89338,0.89351,0.0,0,1740540742453,130,0.0
1740540746,0.89338,0.8935,0.0,0,1740540746463,4,0.0
1740540748,0.89336,0.89349,0.0,0,1740540748489,134,0.0
1740540754,0.89337,0.89349,0.0,0,1740540754679,130,0.0
1740540755,0.89336,0.89349,0.0,0,1740540755708,130,0.0
1740540759,0.89337,0.89349,0.0,0,1740540759938,130,0.0
1740540760,0.89336,0.89349,0.0,0,1740540760900,130,0.0
1740540767,0.89336,0.89348,0.0,0,1740540767776,4,0.0
1740540770,0.89334,0.89347,0.0,0,1740540770387,134,0.0
1740540771,0.89333,0.89345,0.0,0,1740540771586,134,0.0
1740540772,0.89332,0.89345,0.0,0,1740540772630,130,0.0
1740540780,0.89332,0.89345,0.0,0,1740540780527,130,0.0
1740540783,0.89333,0.89345,0.0,0,1740540783717,130,0.0
1740540788,0.89332,0.89345,0.0,0,1740540788253,130,0.0
1740540792,0.89333,0.89345,0.0,0,1740540792578,130,0.0
1740540793,0.89333,0.89346,0.0,0,1740540793613,4,0.0
1740540794,0.89333,0.89345,0.0,0,1740540794893,4,0.0
1740540801,0.89333,0.89346,0.0,0,1740540801913,4,0.0
1740540805,0.89333,0.89345,0.0,0,1740540805035,4,0.0
1740540807,0.89333,0.89346,0.0,0,1740540807432,4,0.0
1740540819,0.89334,0.89347,0.0,0,1740540819487,134,0.0
1740540821,0.89336,0.89349,0.0,0,1740540821308,134,0.0
1740540824,0.89336,0.89348,0.0,0,1740540824355,4,0.0
1740540825,0.89336,0.89349,0.0,0,1740540825370,4,0.0
1740540831,0.89337,0.89349,0.0,0,1740540831068,130,0.0
1740540840,0.89337,0.8935,0.0,0,1740540840369,134,0.0
1740540841,0.89336,0.89349,0.0,0,1740540841227,134,0.0
1740540842,0.89335,0.89347,0.0,0,1740540842404,134,0.0
1740540844,0.89336,0.89349,0.0,0,1740540844991,134,0.0
1740540845,0.89338,0.89351,0.0,0,1740540845189,134,0.0
1740540846,0.8934,0.89352,0.0,0,1740540846803,134,0.0
1740540847,0.89339,0.89352,0.0,0,1740540847819,130,0.0
1740540848,0.89339,0.89351,0.0,0,1740540848846,4,0.0
1740540848,0.89341,0.89353,0.0,0,1740540848927,134,0.0
1740540850,0.89341,0.89354,0.0,0,1740540850106,4,0.0
1740540854,0.89341,0.89353,0.0,0,1740540854587,4,0.0
1740540857,0.8934,0.89352,0.0,0,1740540857633,134,0.0
1740540862,0.8934,0.89353,0.0,0,1740540862890,4,0.0
1740540864,0.89341,0.89353,0.0,0,1740540864093,130,0.0
1740540868,0.89341,0.89354,0.0,0,1740540868406,4,0.0
1740540879,0.89341,0.89353,0.0,0,1740540879858,4,0.0
1740540881,0.89341,0.89354,0.0,0,1740540881547,4,0.0
1740540886,0.89342,0.89354,0.0,0,1740540886698,130,0.0
1740540889,0.89342,0.89355,0.0,0,1740540889169,4,0.0
1740540896,0.89343,0.89356,0.0,0,1740540896043,134,0.0
1740540898,0.89342,0.89355,0.0,0,1740540898819,134,0.0
1740540899,0.89342,0.89354,0.0,0,1740540899824,4,0.0
1740540900,0.89342,0.89354,0.0,0,1740540900840,130,0.0
1740540906,0.89343,0.89355,0.0,0,1740540906991,134,0.0
1740540907,0.89344,0.89356,0.0,0,1740540907993,134,0.0
1740540909,0.89345,0.89357,0.0,0,1740540909132,134,0.0
1740540910,0.89344,0.89356,0.0,0,1740540910148,134,0.0
1740540911,0.89344,0.89357,0.0,0,1740540911174,4,0.0
1740540914,0.89345,0.89357,0.0,0,1740540914547,130,0.0
1740540925,0.89344,0.89357,0.0,0,1740540925428,130,0.0
1740540926,0.89345,0.89357,0.0,0,1740540926449,130,0.0
1740540928,0.89344,0.89357,0.0,0,1740540928985,130,0.0
1740540930,0.89344,0.89356,0.0,0,1740540930346,4,0.0
1740540933,0.89344,0.89357,0.0,0,1740540933151,4,0.0
1740540936,0.89345,0.89357,0.0,0,1740540936528,130,0.0
1740540939,0.89345,0.89358,0.0,0,1740540939987,4,0.0
1740540952,0.89345,0.89357,0.0,0,1740540952485,4,0.0
1740540953,0.89343,0.89356,0.0,0,1740540953697,134,0.0
1740540954,0.89344,0.89357,0.0,0,1740540954579,134,0.0
1740540955,0.89346,0.89358,0.0,0,1740540955629,134,0.0
1740540957,0.89345,0.89358,0.0,0,1740540957696,130,0.0
1740540960,0.89344,0.89356,0.0,0,1740540960407,134,0.0
1740540962,0.89344,0.89357,0.0,0,1740540962044,4,0.0
1740540963,0.89345,0.89357,0.0,0,1740540963142,130,0.0
1740540966,0.89344,0.89357,0.0,0,1740540966274,130,0.0
1740540967,0.89344,0.89356,0.0,0,1740540967290,4,0.0
1740540970,0.89343,0.89356,0.0,0,1740540970335,130,0.0
1740540971,0.89344,0.89356,0.0,0,1740540971351,130,0.0
1740540975,0.89343,0.89356,0.0,0,1740540975402,130,0.0
1740540978,0.89343,0.89355,0.0,0,1740540978359,4,0.0
1740540983,0.89343,0.89356,0.0,0,1740540983039,4,0.0
1740540987,0.89342,0.89355,0.0,0,1740540987683,134,0.0
1740540989,0.89343,0.89355,0.0,0,1740540989729,130,0.0
1740541002,0.89342,0.89355,0.0,0,1740541002140,130,0.0
1740541006,0.89343,0.89356,0.0,0,1740541006097,134,0.0
1740541006,0.89342,0.89355,0.0,0,1740541006904,134,0.0
1740541015,0.89341,0.89354,0.0,0,1740541015807,134,0.0
1740541019,0.89343,0.89355,0.0,0,1740541019751,134,0.0
1740541021,0.89343,0.89355,0.0,0,1740541021196,130,0.0
1740541022,0.89343,0.89356,0.0,0,1740541022397,4,0.0
1740541037,0.89345,0.89357,0.0,0,1740541037570,134,0.0
1740541042,0.89344,0.89357,0.0,0,1740541042743,130,0.0
1740541043,0.89345,0.89357,0.0,0,1740541043935,130,0.0
1740541046,0.89344,0.89357,0.0,0,1740541046201,130,0.0
1740541046,0.89345,0.89358,0.0,0,1740541046809,134,0.0
1740541047,0.89347,0.8936,0.0,0,1740541047337,134,0.0
1740541049,0.89346,0.89359,0.0,0,1740541049415,134,0.0
1740541050,0.89345,0.89358,0.0,0,1740541050496,134,0.0
1740541059,0.89345,0.89357,0.0,0,1740541059343,4,0.0
1740541070,0.89345,0.89358,0.0,0,1740541070792,4,0.0
1740541078,0.89345,0.89357,0.0,0,1740541078132,4,0.0
1740541078,0.89343,0.89356,0.0,0,1740541078967,134,0.0
1740541080,0.89344,0.89357,0.0,0,1740541080051,134,0.0
1740541082,0.89345,0.89357,0.0,0,1740541082654,130,0.0
1740541085,0.89344,0.89357,0.0,0,1740541085740,130,0.0
1740541091,0.89345,0.89357,0.0,0,1740541091549,130,0.0
1740541092,0.89344,0.89357,0.0,0,1740541092620,130,0.0
1740541098,0.89344,0.89356,0.0,0,1740541098554,4,0.0
1740541100,0.89344,0.89357,0.0,0,1740541100452,4,0.0
1740541102,0.89345,0.89357,0.0,0,1740541102717,130,0.0
1740541105,0.89345,0.89358,0.0,0,1740541105830,4,0.0
1740541112,0.89345,0.89357,0.0,0,1740541112194,4,0.0
1740541116,0.89345,0.89358,0.0,0,1740541116933,4,0.0
1740541133,0.89346,0.89358,0.0,0,1740541133336,130,0.0
1740541136,0.89345,0.89358,0.0,0,1740541136131,130,0.0
1740541140,0.89345,0.89358,0.0,0,1740541140291,130,0.0
1740541142,0.89346,0.89359,0.0,0,1740541142370,134,0.0
1740541143,0.89345,0.89358,0.0,0,1740541143374,134,0.0
1740541148,0.89346,0.89358,0.0,0,1740541148336,130,0.0
1740541149,0.89345,0.89357,0.0,0,1740541149041,134,0.0
1740541149,0.89343,0.89355,0.0,0,1740541149071,134,0.0
1740541150,0.89342,0.89354,0.0,0,1740541150098,134,0.0
1740541151,0.89341,0.89353,0.0,0,1740541151102,134,0.0
1740541156,0.89341,0.89354,0.0,0,1740541156799,4,0.0
1740541157,0.89343,0.89355,0.0,0,1740541157192,134,0.0
1740541158,0.89343,0.89356,0.0,0,1740541158261,4,0.0
1740541158,0.89342,0.89355,0.0,0,1740541158949,134,0.0
1740541159,0.89342,0.89354,0.0,0,1740541159536,4,0.0
1740541160,0.89341,0.89354,0.0,0,1740541160288,130,0.0
1740541164,0.89339,0.89351,0.0,0,1740541164353,134,0.0
1740541165,0.89337,0.8935,0.0,0,1740541165381,134,0.0
1740541167,0.89335,0.89348,0.0,0,1740541167151,134,0.0
1740541167,0.89333,0.89345,0.0,0,1740541167194,134,0.0
1740541168,0.89332,0.89345,0.0,0,1740541168317,130,0.0
1740541171,0.89333,0.89345,0.0,0,1740541171150,130,0.0
1740541172,0.89333,0.89346,0.0,0,1740541172203,4,0.0
1740541175,0.89333,0.89345,0.0,0,1740541175506,4,0.0
1740541182,0.89333,0.89346,0.0,0,1740541182848,4,0.0
1740541185,0.89334,0.89346,0.0,0,1740541185238,130,0.0
1740541189,0.89334,0.89347,0.0,0,1740541189303,4,0.0
1740541191,0.89335,0.89347,0.0,0,1740541191306,130,0.0
1740541193,0.89334,0.89347,0.0,0,1740541193319,130,0.0
1740541196,0.89334,0.89346,0.0,0,1740541196416,4,0.0
1740541200,0.89334,0.89346,0.0,0,1740541200678,130,0.0
1740541204,0.89334,0.89347,0.0,0,1740541204857,4,0.0
1740541206,0.89334,0.89346,0.0,0,1740541206883,4,0.0
1740541216,0.89334,0.89347,0.0,0,1740541216696,4,0.0
1740541219,0.89335,0.89348,0.0,0,1740541219709,134,0.0
1740541220,0.89335,0.89347,0.0,0,1740541220718,4,0.0
1740541224,0.89334,0.89347,0.0,0,1740541224562,130,0.0
1740541225,0.89334,0.89346,0.0,0,1740541225618,4,0.0
1740541231,0.89333,0.89346,0.0,0,1740541231450,130,0.0
1740541238,0.89332,0.89345,0.0,0,1740541238655,134,0.0
1740541241,0.89331,0.89344,0.0,0,1740541241020,134,0.0
1740541241,0.89332,0.89345,0.0,0,1740541241745,134,0.0
1740541242,0.89334,0.89347,0.0,0,1740541242507,134,0.0
1740541243,0.89335,0.89347,0.0,0,1740541243516,130,0.0
1740541244,0.89334,0.89347,0.0,0,1740541244675,130,0.0
1740541245,0.89333,0.89346,0.0,0,1740541245496,134,0.0
1740541250,0.89332,0.89345,0.0,0,1740541250456,134,0.0
1740541253,0.89333,0.89345,0.0,0,1740541253622,130,0.0
1740541254,0.89333,0.89346,0.0,0,1740541254167,4,0.0
1740541255,0.89333,0.89345,0.0,0,1740541255270,4,0.0
1740541257,0.89333,0.89346,0.0,0,1740541257313,4,0.0
1740541258,0.89332,0.89345,0.0,0,1740541258647,134,0.0
1740541259,0.89333,0.89345,0.0,0,1740541259657,130,0.0
1740541260,0.89333,0.89345,0.0,0,1740541260821,130,0.0
1740541262,0.89332,0.89345,0.0,0,1740541262970,130,0.0
1740541263,0.89333,0.89345,0.0,0,1740541263974,130,0.0
1740541266,0.89331,0.89344,0.0,0,1740541266959,134,0.0
1740541268,0.89329,0.89342,0.0,0,1740541268043,134,0.0
1740541269,0.89331,0.89344,0.0,0,1740541269956,134,0.0
1740541270,0.89332,0.89344,0.0,0,1740541270975,130,0.0
1740541271,0.89331,0.89344,0.0,0,1740541271993,130,0.0
1740541276,0.89332,0.89345,0.0,0,1740541276524,134,0.0
1740541280,0.8933,0.89342,0.0,0,1740541280737,134,0.0
1740541281,0.89329,0.89341,0.0,0,1740541281435,134,0.0
1740541282,0.89328,0.89341,0.0,0,1740541282483,130,0.0
1740541284,0.89328,0.8934,0.0,0,1740541284336,4,0.0
1740541292,0.8933,0.89343,0.0,0,1740541292144,134,0.0
1740541292,0.89332,0.89345,0.0,0,1740541292352,134,0.0
1740541297,0.89333,0.89345,0.0,0,1740541297412,130,0.0
1740541302,0.89333,0.89346,0.0,0,1740541302098,4,0.0
1740541303,0.89334,0.89346,0.0,0,1740541303725,130,0.0
1740541304,0.89333,0.89345,0.0,0,1740541304763,134,0.0
1740541309,0.89333,0.89346,0.0,0,1740541309113,4,0.0
1740541310,0.89334,0.89347,0.0,0,1740541310323,134,0.0
1740541311,0.89333,0.89346,0.0,0,1740541311332,134,0.0
1740541315,0.89334,0.89346,0.0,0,1740541315049,130,0.0
1740541316,0.89333,0.89345,0.0,0,1740541316354,134,0.0
1740541316,0.89332,0.89345,0.0,0,1740541316884,130,0.0
1740541320,0.89332,0.89345,0.0,0,1740541320103,130,0.0
1740541321,0.89333,0.89346,0.0,0,1740541321104,134,0.0
1740541323,0.89334,0.89346,0.0,0,1740541323943,130,0.0
1740541323,0.89336,0.89348,0.0,0,1740541323998,134,0.0
1740541325,0.89336,0.89349,0.0,0,1740541325696,4,0.0
1740541329,0.89337,0.89349,0.0,0,1740541329479,130,0.0
1740541331,0.89336,0.89349,0.0,0,1740541331437,130,0.0
1740541332,0.89336,0.89348,0.0,0,1740541332209,4,0.0
1740541339,0.89335,0.89348,0.0,0,1740541339453,130,0.0
1740541340,0.89335,0.89347,0.0,0,1740541340468,4,0.0
1740541350,0.89334,0.89347,0.0,0,1740541350056,130,0.0
1740541352,0.89335,0.89347,0.0,0,1740541352087,130,0.0
1740541354,0.89334,0.89347,0.0,0,1740541354742,130,0.0
1740541355,0.89333,0.89346,0.0,0,1740541355822,134,0.0
1740541357,0.89333,0.89345,0.0,0,1740541357897,4,0.0
1740541358,0.89333,0.89346,0.0,0,1740541358911,4,0.0
1740541362,0.89334,0.89346,0.0,0,1740541362352,130,0.0
1740541367,0.89333,0.89346,0.0,0,1740541367597,130,0.0
1740541368,0.89333,0.89345,0.0,0,1740541368654,4,0.0
1740541371,0.89333,0.89346,0.0,0,1740541371245,4,0.0
1740541374,0.89334,0.89347,0.0,0,1740541374230,134,0.0
1740541375,0.89335,0.89348,0.0,0,1740541375326,134,0.0
1740541378,0.89335,0.89347,0.0,0,1740541378710,4,0.0
1740541379,0.89336,0.89348,0.0,0,1740541379710,134,0.0
1740541380,0.89336,0.89348,0.0,0,1740541380797,130,0.0
1740541383,0.89336,0.89349,0.0,0,1740541383730,4,0.0
1740541384,0.89336,0.89348,0.0,0,1740541384746,4,0.0
1740541391,0.89336,0.89349,0.0,0,1740541391045,4,0.0
1740541405,0.89338,0.89351,0.0,0,1740541405661,134,0.0
1740541406,0.89339,0.89352,0.0,0,1740541406750,134,0.0
1740541410,0.8934,0.89353,0.0,0,1740541410225,134,0.0
1740541411,0.89339,0.89351,0.0,0,1740541411234,134,0.0
1740541418,0.89339,0.89352,0.0,0,1740541418849,4,0.0
1740541420,0.89339,0.89351,0.0,0,1740541420038,4,0.0
1740541421,0.89339,0.89352,0.0,0,1740541421142,4,0.0
1740541426,0.8934,0.89353,0.0,0,1740541426972,134,0.0
1740541439,0.89339,0.89352,0.0,0,1740541439798,134,0.0
1740541440,0.89339,0.89351,0.0,0,1740541440841,134,0.0
1740541444,0.8934,0.89352,0.0,0,1740541444024,134,0.0
1740541449,0.89339,0.89352,0.0,0,1740541449876,130,0.0
1740541450,0.89339,0.89351,0.0,0,1740541450909,4,0.0
1740541454,0.89339,0.89352,0.0,0,1740541454010,4,0.0
1740541456,0.89339,0.89351,0.0,0,1740541456943,4,0.0
1740541458,0.89338,0.89351,0.0,0,1740541458158,130,0.0
1740541465,0.89339,0.89352,0.0,0,1740541465573,134,0.0
1740541469,0.8934,0.89352,0.0,0,1740541469781,130,0.0
1740541471,0.8934,0.89353,0.0,0,1740541471948,4,0.0
1740541480,0.8934,0.89352,0.0,0,1740541480183,4,0.0
1740541482,0.89339,0.89352,0.0,0,1740541482234,130,0.0
1740541486,0.89339,0.89351,0.0,0,1740541486404,4,0.0
1740541487,0.89339,0.89352,0.0,0,1740541487516,4,0.0
1740541488,0.89339,0.89351,0.0,0,1740541488588,4,0.0
1740541491,0.89339,0.89352,0.0,0,1740541491075,4,0.0
1740541493,0.8934,0.89352,0.0,0,1740541493103,130,0.0
1740541494,0.89339,0.89352,0.0,0,1740541494106,130,0.0
1740541496,0.8934,0.89352,0.0,0,1740541496146,130,0.0
1740541500,0.8934,0.89352,0.0,0,1740541500366,130,0.0
1740541510,0.89339,0.89352,0.0,0,1740541510187,130,0.0
1740541510,0.8934,0.89352,0.0,0,1740541510940,130,0.0
1740541517,0.89339,0.89352,0.0,0,1740541517073,130,0.0
1740541520,0.8934,0.89352,0.0,0,1740541520499,130,0.0
1740541521,0.89339,0.89352,0.0,0,1740541521581,130,0.0
1740541543,0.89342,0.89354,0.0,0,1740541543480,134,0.0
1740541554,0.89344,0.89356,0.0,0,1740541554792,134,0.0
1740541554,0.89346,0.89358,0.0,0,1740541554893,134,0.0
1740541555,0.89346,0.89359,0.0,0,1740541555893,4,0.0
1740541557,0.89344,0.89357,0.0,0,1740541557260,134,0.0
1740541557,0.89345,0.89358,0.0,0,1740541557905,134,0.0
1740541558,0.89346,0.89359,0.0,0,1740541558926,134,0.0
1740541561,0.89348,0.8936,0.0,0,1740541561971,134,0.0
1740541570,0.89347,0.8936,0.0,0,1740541570113,130,0.0
1740541577,0.89348,0.8936,0.0,0,1740541577502,130,0.0
1740541578,0.89347,0.8936,0.0,0,1740541578629,130,0.0
1740541579,0.89348,0.8936,0.0,0,1740541579246,130,0.0
1740541579,0.8935,0.89362,0.0,0,1740541579265,134,0.0
1740541579,0.89352,0.89365,0.0,0,1740541579287,134,0.0
1740541580,0.89351,0.89364,0.0,0,1740541580384,134,0.0
1740541588,0.89351,0.89363,0.0,0,1740541588140,4,0.0
1740541588,0.89349,0.89361,0.0,0,1740541588578,134,0.0
1740541589,0.89347,0.8936,0.0,0,1740541589932,134,0.0
1740541592,0.89348,0.89361,0.0,0,1740541592762,134,0.0
1740541593,0.8935,0.89363,0.0,0,1740541593058,134,0.0
1740541596,0.89351,0.89363,0.0,0,1740541596520,130,0.0
1740541598,0.89351,0.89364,0.0,0,1740541598013,4,0.0
1740541600,0.89351,0.89363,0.0,0,1740541600610,4,0.0
1740541601,0.89351,0.89364,0.0,0,1740541601626,4,0.0
1740541616,0.89352,0.89364,0.0,0,1740541616537,130,0.0
1740541618,0.89351,0.89364,0.0,0,1740541618645,130,0.0
1740541619,0.89353,0.89366,0.0,0,1740541619956,134,0.0
1740541620,0.89355,0.89368,0.0,0,1740541620972,134,0.0
1740541621,0.89354,0.89366,0.0,0,1740541621670,134,0.0
1740541622,0.89352,0.89365,0.0,0,1740541622283,134,0.0
1740541623,0.89352,0.89364,0.0,0,1740541623341,4,0.0
1740541627,0.89352,0.89365,0.0,0,1740541627403,4,0.0
1740541633,0.89352,0.89364,0.0,0,1740541633458,4,0.0
1740541638,0.8935,0.89363,0.0,0,1740541638480,134,0.0
1740541639,0.89349,0.89362,0.0,0,1740541639698,134,0.0
1740541640,0.89349,0.89361,0.0,0,1740541640717,4,0.0
1740541642,0.89348,0.89361,0.0,0,1740541642009,130,0.0
1740541652,0.89348,0.8936,0.0,0,1740541652784,4,0.0
1740541666,0.89348,0.89361,0.0,0,1740541666830,4,0.0
1740541675,0.89348,0.8936,0.0,0,1740541675858,4,0.0
1740541679,0.89347,0.8936,0.0,0,1740541679972,130,0.0
1740541681,0.89347,0.8936,0.0,0,1740541681043,130,0.0
1740541687,0.89347,0.89359,0.0,0,1740541687022,4,0.0
1740541691,0.89349,0.89362,0.0,0,1740541691708,134,0.0
1740541692,0.8935,0.89362,0.0,0,1740541692709,130,0.0
1740541695,0.89349,0.89362,0.0,0,1740541695372,130,0.0
1740541696,0.89347,0.8936,0.0,0,1740541696483,134,0.0
1740541699,0.89347,0.89359,0.0,0,1740541699951,4,0.0
1740541705,0.89346,0.89359,0.0,0,1740541705076,130,0.0
1740541706,0.89347,0.89359,0.0,0,1740541706255,130,0.0
1740541712,0.89347,0.8936,0.0,0,1740541712501,4,0.0
1740541740,0.89345,0.89358,0.0,0,1740541740449,134,0.0
1740541740,0.89347,0.8936,0.0,0,1740541740488,134,0.0
1740541740,0.89349,0.89362,0.0,0,1740541740529,134,0.0
1740541741,0.8935,0.89362,0.0,0,1740541741617,130,0.0
1740541742,0.89351,0.89363,0.0,0,1740541742513,134,0.0
1740541743,0.89351,0.89364,0.0,0,1740541743605,4,0.0
1740541772,0.89351,0.89363,0.0,0,1740541772419,4,0.0
1740541780,0.89351,0.89364,0.0,0,1740541780912,4,0.0
1740541784,0.89349,0.89361,0.0,0,1740541784051,134,0.0
1740541785,0.89347,0.8936,0.0,0,1740541785081,134,0.0
1740541787,0.89347,0.89359,0.0,0,1740541787309,4,0.0
1740541789,0.89347,0.8936,0.0,0,1740541789396,4,0.0
1740541800,0.89348,0.8936,0.0,0,1740541800340,130,0.0
1740541810,0.89347,0.89359,0.0,0,1740541810104,134,0.0
1740541812,0.89346,0.89359,0.0,0,1740541812523,130,0.0
1740541813,0.89344,0.89357,0.0,0,1740541813882,134,0.0
1740541815,0.89344,0.89356,0.0,0,1740541815230,4,0.0
1740541832,0.89343,0.89356,0.0,0,1740541832265,130,0.0
1740541834,0.89344,0.89356,0.0,0,1740541834311,130,0.0
1740541837,0.89343,0.89355,0.0,0,1740541837849,134,0.0
1740541840,0.89343,0.89356,0.0,0,1740541840106,4,0.0
1740541842,0.89343,0.89355,0.0,0,1740541842248,4,0.0
1740541843,0.89342,0.89355,0.0,0,1740541843129,130,0.0
1740541844,0.89341,0.89354,0.0,0,1740541844333,134,0.0
1740541844,0.89339,0.89352,0.0,0,1740541844411,134,0.0
1740541847,0.89339,0.89351,0.0,0,1740541847268,4,0.0
1740541852,0.89339,0.89352,0.0,0,1740541852001,4,0.0
1740541852,0.89341,0.89354,0.0,0,1740541852420,134,0.0
1740541853,0.89342,0.89354,0.0,0,1740541853462,130,0.0
1740541853,0.89344,0.89356,0.0,0,1740541853573,134,0.0
1740541854,0.89344,0.89357,0.0,0,1740541854863,4,0.0
1740541856,0.89344,0.89356,0.0,0,1740541856889,4,0.0
1740541858,0.89343,0.89356,0.0,0,1740541858048,130,0.0
1740541860,0.89343,0.89356,0.0,0,1740541860244,130,0.0
1740541867,0.89344,0.89356,0.0,0,1740541867012,130,0.0
1740541870,0.89345,0.89358,0.0,0,1740541870111,134,0.0
1740541871,0.89344,0.89357,0.0,0,1740541871524,134,0.0
1740541872,0.89344,0.89356,0.0,0,1740541872539,4,0.0
1740541874,0.89344,0.89357,0.0,0,1740541874570,4,0.0
1740541875,0.89344,0.89356,0.0,0,1740541875585,4,0.0
1740541877,0.89344,0.89357,0.0,0,1740541877657,4,0.0
1740541878,0.89344,0.89356,0.0,0,1740541878718,4,0.0
1740541880,0.89345,0.89358,0.0,0,1740541880203,134,0.0
1740541884,0.89345,0.89357,0.0,0,1740541884862,4,0.0
1740541890,0.89345,0.89358,0.0,0,1740541890545,4,0.0
1740541897,0.89346,0.89358,0.0,0,1740541897031,130,0.0
1740541899,0.89345,0.89358,0.0,0,1740541899119,130,0.0
1740541900,0.89344,0.89357,0.0,0,1740541900541,134,0.0
1740541901,0.89345,0.89358,0.0,0,1740541901221,134,0.0
1740541902,0.89346,0.89358,0.0,0,1740541902509,130,0.0
1740541920,0.89346,0.89358,0.0,0,1740541920597,130,0.0
1740541925,0.89346,0.89359,0.0,0,1740541925109,4,0.0
1740541926,0.89347,0.89359,0.0,0,1740541926463,130,0.0
1740541931,0.89346,0.89359,0.0,0,1740541931315,130,0.0
1740541945,0.89347,0.8936,0.0,0,1740541945529,134,0.0
1740541946,0.89347,0.89359,0.0,0,1740541946545,4,0.0
1740541947,0.89347,0.8936,0.0,0,1740541947492,4,0.0
1740541952,0.89347,0.89359,0.0,0,1740541952737,4,0.0
1740541963,0.89348,0.8936,0.0,0,1740541963175,134,0.0
1740541970,0.89347,0.8936,0.0,0,1740541970618,130,0.0
1740541981,0.89347,0.8936,0.0,0,1740541981082,130,0.0
1740541986,0.89348,0.8936,0.0,0,1740541986424,130,0.0
1740541989,0.89347,0.8936,0.0,0,1740541989272,130,0.0
1740541994,0.89349,0.89361,0.0,0,1740541994090,134,0.0
1740541995,0.8935,0.89362,0.0,0,1740541995110,134,0.0
1740541996,0.8935,0.89363,0.0,0,1740541996126,4,0.0
1740542003,0.8935,0.89362,0.0,0,1740542003064,4,0.0
1740542004,0.89349,0.89362,0.0,0,1740542004079,130,0.0
1740542010,0.8935,0.89362,0.0,0,1740542010013,130,0.0
1740542012,0.89349,0.89362,0.0,0,1740542012428,130,0.0
1740542014,0.8935,0.89362,0.0,0,1740542014882,130,0.0
1740542017,0.89351,0.89364,0.0,0,1740542017220,134,0.0
1740542031,0.89352,0.89364,0.0,0,1740542031267,130,0.0
1740542035,0.89351,0.89364,0.0,0,1740542035430,130,0.0
1740542037,0.8935,0.89363,0.0,0,1740542037241,134,0.0
1740542040,0.8935,0.89363,0.0,0,1740542040093,130,0.0
1740542042,0.89351,0.89364,0.0,0,1740542042212,134,0.0
1740542046,0.89352,0.89364,0.0,0,1740542046834,130,0.0
1740542048,0.89351,0.89364,0.0,0,1740542048866,130,0.0
1740542052,0.89351,0.89363,0.0,0,1740542052936,4,0.0
1740542054,0.89351,0.89364,0.0,0,1740542054280,4,0.0
1740542055,0.89352,0.89364,0.0,0,1740542055296,130,0.0
1740542060,0.89352,0.89365,0.0,0,1740542060090,4,0.0
1740542070,0.89352,0.89364,0.0,0,1740542070993,4,0.0
1740542072,0.89351,0.89364,0.0,0,1740542072380,130,0.0
1740542073,0.89351,0.89363,0.0,0,1740542073391,4,0.0
1740542075,0.89351,0.89364,0.0,0,1740542075153,4,0.0
1740542082,0.89352,0.89364,0.0,0,1740542082259,130,0.0
1740542090,0.89354,0.89366,0.0,0,1740542090777,134,0.0
1740542091,0.89353,0.89365,0.0,0,1740542091348,134,0.0
1740542092,0.89352,0.89364,0.0,0,1740542092106,134,0.0
1740542093,0.89351,0.89364,0.0,0,1740542093127,130,0.0
1740542100,0.89351,0.89364,0.0,0,1740542100139,130,0.0
1740542100,0.89352,0.89365,0.0,0,1740542100911,134,0.0
1740542105,0.89353,0.89366,0.0,0,1740542105916,134,0.0
1740542111,0.89352,0.89364,0.0,0,1740542111245,134,0.0
1740542116,0.89351,0.89364,0.0,0,1740542116949,130,0.0
1740542118,0.89351,0.89363,0.0,0,1740542118980,4,0.0
1740542122,0.89351,0.89364,0.0,0,1740542122759,4,0.0
1740542123,0.89351,0.89363,0.0,0,1740542123541,4,0.0
1740542131,0.89351,0.89364,0.0,0,1740542131328,4,0.0
1740542132,0.89351,0.89363,0.0,0,1740542132378,4,0.0
1740542133,0.89351,0.89364,0.0,0,1740542133420,4,0.0
1740542137,0.89351,0.89363,0.0,0,1740542137449,4,0.0
1740542139,0.8935,0.89363,0.0,0,1740542139210,130,0.0
1740542142,0.89351,0.89364,0.0,0,1740542142613,134,0.0
1740542151,0.89352,0.89364,0.0,0,1740542151151,130,0.0
1740542155,0.89352,0.89365,0.0,0,1740542155755,4,0.0
1740542156,0.89352,0.89364,0.0,0,1740542156770,4,0.0
1740542160,0.89352,0.89365,0.0,0,1740542160155,134,0.0
1740542165,0.89352,0.89364,0.0,0,1740542165144,4,0.0
1740542166,0.89352,0.89365,0.0,0,1740542166594,4,0.0
1740542173,0.89351,0.89364,0.0,0,1740542173861,134,0.0
1740542181,0.89351,0.89363,0.0,0,1740542181303,4,0.0
1740542182,0.89351,0.89364,0.0,0,1740542182323,4,0.0
1740542216,0.89352,0.89364,0.0,0,1740542216471,130,0.0
1740542220,0.89351,0.89364,0.0,0,1740542220226,130,0.0
1740542221,0.89351,0.89363,0.0,0,1740542221397,4,0.0
1740542225,0.89351,0.89364,0.0,0,1740542225755,4,0.0
1740542228,0.8935,0.89363,0.0,0,1740542228666,134,0.0
1740542234,0.8935,0.89362,0.0,0,1740542234379,4,0.0
1740542238,0.89348,0.89361,0.0,0,1740542238278,134,0.0
1740542243,0.89349,0.89362,0.0,0,1740542243393,134,0.0
1740542247,0.89348,0.89361,0.0,0,1740542247213,134,0.0
1740542250,0.89349,0.89362,0.0,0,1740542250373,134,0.0
1740542253,0.8935,0.89363,0.0,0,1740542253111,134,0.0
1740542258,0.8935,0.89362,0.0,0,1740542258357,4,0.0
1740542268,0.89349,0.89361,0.0,0,1740542268571,134,0.0
1740542271,0.89348,0.8936,0.0,0,1740542271175,134,0.0
1740542275,0.89347,0.8936,0.0,0,1740542275560,130,0.0
1740542276,0.89348,0.8936,0.0,0,1740542276788,130,0.0
1740542276,0.8935,0.89362,0.0,0,1740542276968,134,0.0
1740542280,0.8935,0.89362,0.0,0,1740542280016,130,0.0
1740542291,0.8935,0.89363,0.0,0,1740542291354,4,0.0
1740542293,0.8935,0.89362,0.0,0,1740542293927,4,0.0
1740542302,0.8935,0.89363,0.0,0,1740542302159,4,0.0
1740542303,0.89351,0.89363,0.0,0,1740542303180,130,0.0
1740542321,0.89351,0.89364,0.0,0,1740542321585,4,0.0
1740542321,0.89353,0.89365,0.0,0,1740542321643,134,0.0
1740542322,0.89353,0.89366,0.0,0,1740542322821,4,0.0
1740542325,0.89353,0.89365,0.0,0,1740542325079,4,0.0
1740542326,0.89353,0.89366,0.0,0,1740542326091,4,0.0
1740542327,0.89351,0.89364,0.0,0,1740542327467,134,0.0
1740542328,0.89349,0.89362,0.0,0,1740542328778,134,0.0
1740542341,0.89349,0.89362,0.0,0,1740542341051,130,0.0
1740542341,0.89348,0.89361,0.0,0,1740542341847,134,0.0
1740542344,0.89349,0.89361,0.0,0,1740542344042,130,0.0
1740542347,0.89349,0.89362,0.0,0,1740542347308,4,0.0
1740542365,0.8935,0.89362,0.0,0,1740542365126,130,0.0
1740542366,0.8935,0.89363,0.0,0,1740542366136,4,0.0
1740542371,0.8935,0.89362,0.0,0,1740542371219,4,0.0
1740542372,0.8935,0.89363,0.0,0,1740542372353,4,0.0
1740542373,0.8935,0.89362,0.0,0,1740542373425,4,0.0
1740542375,0.89349,0.89361,0.0,0,1740542375662,134,0.0
1740542378,0.89349,0.89362,0.0,0,1740542378071,4,0.0
1740542390,0.8935,0.89363,0.0,0,1740542390013,134,0.0
1740542391,0.8935,0.89362,0.0,0,1740542391121,4,0.0
1740542400,0.8935,0.89362,0.0,0,1740542400684,130,0.0
1740542402,0.89351,0.89363,0.0,0,1740542402737,134,0.0
1740542403,0.8935,0.89362,0.0,0,1740542403827,134,0.0
1740542406,0.89351,0.89363,0.0,0,1740542406195,134,0.0
1740542409,0.89348,0.89361,0.0,0,1740542409425,134,0.0
1740542410,0.89349,0.89362,0.0,0,1740542410604,134,0.0
1740542416,0.89348,0.89361,0.0,0,1740542416173,134,0.0
1740542417,0.89349,0.89361,0.0,0,1740542417197,130,0.0
1740542419,0.89348,0.89361,0.0,0,1740542419878,130,0.0
1740542420,0.8935,0.89362,0.0,0,1740542420383,134,0.0
1740542421,0.89351,0.89364,0.0,0,1740542421810,134,0.0
1740542422,0.89351,0.89363,0.0,0,1740542422828,4,0.0
1740542423,0.89351,0.89364,0.0,0,1740542423501,4,0.0
1740542425,0.89351,0.89363,0.0,0,1740542425860,4,0.0
1740542426,0.89349,0.89362,0.0,0,1740542426864,134,0.0
1740542434,0.8935,0.89363,0.0,0,1740542434720,134,0.0
1740542435,0.89351,0.89363,0.0,0,1740542435918,130,0.0
1740542437,0.89351,0.89364,0.0,0,1740542437387,4,0.0
1740542460,0.89351,0.89364,0.0,0,1740542460983,130,0.0
1740542469,0.89352,0.89364,0.0,0,1740542469386,130,0.0
1740542470,0.89353,0.89366,0.0,0,1740542470443,134,0.0
1740542476,0.89354,0.89367,0.0,0,1740542476265,134,0.0
1740542477,0.89353,0.89366,0.0,0,1740542477268,134,0.0
1740542494,0.89353,0.89365,0.0,0,1740542494417,4,0.0
1740542495,0.89353,0.89366,0.0,0,1740542495432,4,0.0
1740542497,0.89354,0.89367,0.0,0,1740542497263,134,0.0
1740542499,0.89354,0.89366,0.0,0,1740542499015,4,0.0
1740542502,0.89351,0.89364,0.0,0,1740542502926,134,0.0
1740542503,0.8935,0.89363,0.0,0,1740542503949,134,0.0
1740542510,0.89348,0.8936,0.0,0,1740542510956,134,0.0
1740542511,0.89346,0.89358,0.0,0,1740542511112,134,0.0
1740542520,0.89345,0.89358,0.0,0,1740542520098,130,0.0
1740542523,0.89346,0.89358,0.0,0,1740542523706,130,0.0
1740542525,0.89347,0.8936,0.0,0,1740542525148,134,0.0
1740542525,0.89348,0.8936,0.0,0,1740542525670,130,0.0
1740542533,0.89348,0.89361,0.0,0,1740542533190,4,0.0
1740542533,0.8935,0.89363,0.0,0,1740542533256,134,0.0
1740542537,0.89351,0.89363,0.0,0,1740542537342,130,0.0
1740542538,0.89351,0.89364,0.0,0,1740542538415,4,0.0
1740542541,0.89353,0.89366,0.0,0,1740542541580,134,0.0
1740542543,0.89354,0.89366,0.0,0,1740542543816,130,0.0
1740542546,0.89353,0.89366,0.0,0,1740542546363,130,0.0
1740542550,0.89352,0.89364,0.0,0,1740542550033,134,0.0
1740542551,0.89352,0.89365,0.0,0,1740542551695,4,0.0
1740542552,0.89353,0.89366,0.0,0,1740542552997,134,0.0
1740542554,0.89353,0.89365,0.0,0,1740542554191,4,0.0
1740542555,0.89352,0.89364,0.0,0,1740542555219,134,0.0
1740542556,0.89354,0.89366,0.0,0,1740542556568,134,0.0
1740542559,0.89354,0.89367,0.0,0,1740542559731,4,0.0
1740542563,0.89352,0.89364,0.0,0,1740542563455,134,0.0
1740542564,0.89351,0.89364,0.0,0,1740542564486,130,0.0
1740542566,0.89352,0.89365,0.0,0,1740542566805,134,0.0
1740542568,0.89353,0.89365,0.0,0,1740542568973,130,0.0
1740542580,0.89353,0.89365,0.0,0,1740542580836,130,0.0
1740542582,0.89354,0.89367,0.0,0,1740542582017,134,0.0
1740542592,0.89353,0.89366,0.0,0,1740542592996,134,0.0
1740542598,0.89351,0.89364,0.0,0,1740542598486,134,0.0
1740542604,0.89352,0.89365,0.0,0,1740542604538,134,0.0
1740542614,0.89352,0.89364,0.0,0,1740542614032,4,0.0
1740542631,0.89352,0.89365,0.0,0,1740542631697,4,0.0
1740542633,0.89353,0.89366,0.0,0,1740542633383,134,0.0
1740542634,0.89355,0.89368,0.0,0,1740542634635,134,0.0
1740542635,0.89356,0.89368,0.0,0,1740542635695,130,0.0
1740542636,0.89356,0.89369,0.0,0,1740542636697,4,0.0
1740542637,0.89357,0.89369,0.0,0,1740542637953,130,0.0
1740542638,0.89358,0.89371,0.0,0,1740542638461,134,0.0
1740542639,0.89359,0.89372,0.0,0,1740542639326,134,0.0
1740542640,0.89359,0.89372,0.0,0,1740542640342,130,0.0
1740542641,0.8936,0.89372,0.0,0,1740542641409,130,0.0
1740542642,0.89359,0.89372,0.0,0,1740542642429,130,0.0
1740542646,0.89358,0.89371,0.0,0,1740542646299,134,0.0
1740542647,0.89358,0.8937,0.0,0,1740542647317,4,0.0
1740542663,0.89357,0.8937,0.0,0,1740542663212,130,0.0
1740542664,0.89359,0.89372,0.0,0,1740542664802,134,0.0
1740542665,0.89361,0.89374,0.0,0,1740542665144,134,0.0
1740542666,0.89362,0.89375,0.0,0,1740542666738,134,0.0
1740542669,0.89361,0.89374,0.0,0,1740542669520,134,0.0
1740542673,0.89359,0.89372,0.0,0,1740542673431,134,0.0
1740542687,0.8936,0.89372,0.0,0,1740542687257,130,0.0
1740542687,0.89361,0.89374,0.0,0,1740542687308,134,0.0
1740542688,0.89362,0.89375,0.0,0,1740542688343,134,0.0
1740542695,0.89362,0.89374,0.0,0,1740542695450,4,0.0
1740542698,0.89361,0.89374,0.0,0,1740542698100,130,0.0
1740542700,0.89362,0.89374,0.0,0,1740542700443,130,0.0
1740542701,0.89361,0.89374,0.0,0,1740542701710,130,0.0
1740542705,0.89362,0.89374,0.0,0,1740542705384,130,0.0
1740542709,0.89361,0.89374,0.0,0,1740542709269,130,0.0
1740542724,0.89362,0.89374,0.0,0,1740542724826,130,0.0
1740542726,0.89362,0.89375,0.0,0,1740542726641,4,0.0
1740542730,0.89362,0.89374,0.0,0,1740542730082,4,0.0
1740542733,0.89362,0.89375,0.0,0,1740542733371,4,0.0
1740542748,0.89362,0.89374,0.0,0,1740542748179,4,0.0
1740542751,0.89362,0.89375,0.0,0,1740542751671,4,0.0
1740542757,0.89363,0.89375,0.0,0,1740542757438,130,0.0
1740542760,0.89363,0.89375,0.0,0,1740542760393,130,0.0
1740542761,0.89363,0.89376,0.0,0,1740542761098,4,0.0
1740542767,0.89363,0.89375,0.0,0,1740542767142,4,0.0
1740542776,0.89363,0.89376,0.0,0,1740542776408,4,0.0
1740542777,0.89364,0.89377,0.0,0,1740542777271,134,0.0
1740542779,0.89365,0.89377,0.0,0,1740542779561,130,0.0
1740542790,0.89365,0.89378,0.0,0,1740542790407,4,0.0
1740542794,0.89364,0.89377,0.0,0,1740542794606,134,0.0
1740542795,0.89363,0.89376,0.0,0,1740542795624,134,0.0
1740542796,0.89363,0.89375,0.0,0,1740542796702,4,0.0
1740542800,0.89362,0.89375,0.0,0,1740542800402,130,0.0
1740542803,0.89363,0.89375,0.0,0,1740542803521,130,0.0
1740542809,0.89362,0.89375,0.0,0,1740542809615,130,0.0
1740542810,0.89363,0.89375,0.0,0,1740542810630,130,0.0
1740542815,0.89362,0.89375,0.0,0,1740542815706,130,0.0
1740542818,0.89364,0.89377,0.0,0,1740542818997,134,0.0
1740542822,0.89365,0.89378,0.0,0,1740542822246,134,0.0
1740542829,0.89366,0.89378,0.0,0,1740542829843,130,0.0
1740542845,0.89365,0.89378,0.0,0,1740542845612,130,0.0
1740542846,0.89364,0.89376,0.0,0,1740542846955,134,0.0
1740542848,0.89363,0.89376,0.0,0,1740542848084,130,0.0
1740542849,0.89365,0.89378,0.0,0,1740542849718,134,0.0
1740542880,0.89365,0.89378,0.0,0,1740542880204,130,0.0
1740542887,0.89363,0.89376,0.0,0,1740542887445,134,0.0
1740542893,0.89363,0.89375,0.0,0,1740542893548,4,0.0
1740542894,0.89362,0.89375,0.0,0,1740542894074,130,0.0
1740542895,0.89361,0.89373,0.0,0,1740542895100,134,0.0
1740542896,0.89361,0.89374,0.0,0,1740542896199,4,0.0
1740542931,0.8936,0.89373,0.0,0,1740542931058,134,0.0
1740542937,0.89361,0.89374,0.0,0,1740542937375,134,0.0
1740542938,0.89362,0.89374,0.0,0,1740542938139,130,0.0
1740542938,0.89363,0.89376,0.0,0,1740542938161,134,0.0
1740542938,0.89364,0.89377,0.0,0,1740542938727,134,0.0
1740542940,0.89364,0.89377,0.0,0,1740542940188,130,0.0
1740542941,0.89365,0.89378,0.0,0,1740542941470,134,0.0
1740542961,0.89364,0.89376,0.0,0,1740542961460,134,0.0
1740542965,0.89365,0.89377,0.0,0,1740542965665,134,0.0
1740542968,0.89364,0.89376,0.0,0,1740542968196,134,0.0
1740542969,0.89365,0.89377,0.0,0,1740542969961,134,0.0
1740542973,0.89365,0.89378,0.0,0,1740542973295,4,0.0
1740543000,0.89365,0.89378,0.0,0,1740543000898,130,0.0
1740543002,0.89365,0.89377,0.0,0,1740543002323,4,0.0
1740543004,0.89363,0.89376,0.0,0,1740543004787,134,0.0
1740543008,0.89363,0.89375,0.0,0,1740543008722,4,0.0
1740543010,0.89363,0.89376,0.0,0,1740543010355,4,0.0
1740543011,0.89363,0.89375,0.0,0,1740543011379,4,0.0
1740543017,0.89363,0.89376,0.0,0,1740543017413,4,0.0
1740543018,0.89364,0.89377,0.0,0,1740543018446,134,0.0
1740543019,0.89363,0.89376,0.0,0,1740543019744,134,0.0
1740543022,0.89363,0.89375,0.0,0,1740543022576,4,0.0
1740543026,0.89363,0.89376,0.0,0,1740543026086,4,0.0
1740543028,0.89364,0.89377,0.0,0,1740543028884,134,0.0
1740543030,0.89363,0.89376,0.0,0,1740543030087,134,0.0
1740543031,0.89363,0.89375,0.0,0,1740543031120,4,0.0
1740543050,0.89363,0.89376,0.0,0,1740543050462,4,0.0
1740543053,0.89364,0.89377,0.0,0,1740543053745,134,0.0
1740543055,0.89364,0.89376,0.0,0,1740543055309,4,0.0
1740543056,0.89363,0.89376,0.0,0,1740543056333,130,0.0
1740543060,0.89363,0.89376,0.0,0,1740543060395,130,0.0
1740543065,0.89364,0.89376,0.0,0,1740543065321,130,0.0
1740543066,0.89364,0.89377,0.0,0,1740543066587,4,0.0
1740543069,0.89363,0.89376,0.0,0,1740543069098,134,0.0
1740543070,0.89363,0.89375,0.0,0,1740543070113,4,0.0
1740543072,0.89362,0.89375,0.0,0,1740543072702,130,0.0
1740543096,0.89363,0.89376,0.0,0,1740543096298,134,0.0
1740543097,0.89364,0.89376,0.0,0,1740543097395,130,0.0
1740543098,0.89363,0.89375,0.0,0,1740543098842,134,0.0
1740543099,0.89362,0.89375,0.0,0,1740543099933,130,0.0
1740543110,0.89363,0.89376,0.0,0,1740543110178,134,0.0
