time,bid,ask,last,volume,time_msc,flags,volume_real
1744762037,1.12985,1.12994,0.0,0,1744762037400,134,0.0
1744762039,1.1298300000000001,1.12992,0.0,0,1744762039566,134,0.0
1744762039,1.12981,1.1299,0.0,0,1744762039568,134,0.0
1744762039,1.12979,1.12988,0.0,0,1744762039572,134,0.0
1744762039,1.12978,1.12987,0.0,0,1744762039588,134,0.0
1744762039,1.12975,1.12984,0.0,0,1744762039600,134,0.0
1744762039,1.12974,1.1298300000000001,0.0,0,1744762039602,134,0.0
1744762039,1.12972,1.12981,0.0,0,1744762039877,134,0.0
1744762039,1.12971,1.1298,0.0,0,1744762039913,134,0.0
1744762040,1.12969,1.12978,0.0,0,1744762040229,134,0.0
1744762042,1.12971,1.1298,0.0,0,1744762042482,134,0.0
1744762044,1.12972,1.12981,0.0,0,1744762044488,134,0.0
1744762046,1.12974,1.1298300000000001,0.0,0,1744762046972,134,0.0
1744762047,1.12975,1.12984,0.0,0,1744762047995,134,0.0
1744762049,1.12972,1.12981,0.0,0,1744762049005,134,0.0
1744762050,1.12973,1.12982,0.0,0,1744762050188,134,0.0
1744762051,1.12975,1.12984,0.0,0,1744762051899,134,0.0
1744762052,1.12972,1.12981,0.0,0,1744762052055,134,0.0
1744762053,1.12973,1.12982,0.0,0,1744762053259,134,0.0
1744762054,1.12972,1.12981,0.0,0,1744762054298,134,0.0
1744762059,1.12973,1.12982,0.0,0,1744762059048,134,0.0
1744762059,1.1297,1.12979,0.0,0,1744762059480,134,0.0
1744762059,1.12968,1.12977,0.0,0,1744762059861,134,0.0
1744762059,1.12971,1.1298,0.0,0,1744762059949,134,0.0
1744762060,1.12973,1.12982,0.0,0,1744762060529,134,0.0
1744762062,1.12972,1.12981,0.0,0,1744762062530,134,0.0
1744762064,1.12971,1.1298,0.0,0,1744762064160,134,0.0
1744762065,1.12974,1.1298300000000001,0.0,0,1744762065908,134,0.0
1744762065,1.12976,1.12985,0.0,0,1744762065954,134,0.0
1744762067,1.12974,1.1298300000000001,0.0,0,1744762067000,134,0.0
1744762072,1.12975,1.12984,0.0,0,1744762072639,134,0.0
1744762073,1.12974,1.1298300000000001,0.0,0,1744762073772,134,0.0
1744762075,1.12975,1.12984,0.0,0,1744762075953,134,0.0
1744762077,1.12973,1.12982,0.0,0,1744762077153,134,0.0
1744762078,1.12972,1.12981,0.0,0,1744762078344,134,0.0
1744762080,1.12972,1.12981,0.0,0,1744762080450,130,0.0
1744762081,1.12974,1.1298300000000001,0.0,0,1744762081203,134,0.0
1744762081,1.12976,1.12985,0.0,0,1744762081245,134,0.0
1744762081,1.12977,1.12986,0.0,0,1744762081408,134,0.0
1744762081,1.12979,1.12988,0.0,0,1744762081438,134,0.0
1744762081,1.1298,1.12989,0.0,0,1744762081459,134,0.0
1744762082,1.12981,1.1299,0.0,0,1744762082195,134,0.0
1744762083,1.12979,1.12988,0.0,0,1744762083872,134,0.0
1744762086,1.12982,1.12991,0.0,0,1744762086050,134,0.0
1744762086,1.1298300000000001,1.12992,0.0,0,1744762086057,134,0.0
1744762086,1.12986,1.12995,0.0,0,1744762086112,134,0.0
1744762086,1.12987,1.12996,0.0,0,1744762086144,134,0.0
1744762086,1.12984,1.1299299999999999,0.0,0,1744762086233,134,0.0
1744762086,1.12982,1.12991,0.0,0,1744762086543,134,0.0
1744762087,1.12984,1.1299299999999999,0.0,0,1744762087647,134,0.0
1744762087,1.12986,1.12995,0.0,0,1744762087687,134,0.0
1744762089,1.12987,1.12996,0.0,0,1744762089012,134,0.0
1744762089,1.12989,1.12998,0.0,0,1744762089298,134,0.0
1744762089,1.1299,1.12999,0.0,0,1744762089309,134,0.0
1744762089,1.12992,1.13001,0.0,0,1744762089318,134,0.0
1744762096,1.12991,1.13,0.0,0,1744762096193,134,0.0
1744762097,1.12992,1.13001,0.0,0,1744762097194,134,0.0
1744762099,1.12991,1.13,0.0,0,1744762099294,134,0.0
1744762100,1.12992,1.13001,0.0,0,1744762100329,134,0.0
1744762101,1.12994,1.13003,0.0,0,1744762101053,134,0.0
1744762106,1.1299299999999999,1.13002,0.0,0,1744762106959,134,0.0
1744762111,1.12992,1.13001,0.0,0,1744762111183,134,0.0
1744762112,1.1299,1.12999,0.0,0,1744762112216,134,0.0
1744762113,1.12991,1.13,0.0,0,1744762113297,134,0.0
1744762114,1.12992,1.13001,0.0,0,1744762114377,134,0.0
1744762115,1.1299299999999999,1.13002,0.0,0,1744762115426,134,0.0
1744762117,1.12991,1.13,0.0,0,1744762117478,134,0.0
1744762118,1.1299,1.12999,0.0,0,1744762118509,134,0.0
1744762121,1.12991,1.13,0.0,0,1744762121618,134,0.0
1744762121,1.1299299999999999,1.13002,0.0,0,1744762121872,134,0.0
1744762122,1.12995,1.13004,0.0,0,1744762122140,134,0.0
1744762123,1.12994,1.13003,0.0,0,1744762123215,134,0.0
1744762123,1.12996,1.13005,0.0,0,1744762123747,134,0.0
1744762124,1.12994,1.13003,0.0,0,1744762124750,134,0.0
1744762124,1.12991,1.13,0.0,0,1744762124911,134,0.0
1744762126,1.1299299999999999,1.13002,0.0,0,1744762126124,134,0.0
1744762128,1.12995,1.13004,0.0,0,1744762128378,134,0.0
1744762128,1.12997,1.13006,0.0,0,1744762128534,134,0.0
1744762128,1.12999,1.13008,0.0,0,1744762128548,134,0.0
1744762128,1.13,1.13009,0.0,0,1744762128569,134,0.0
1744762128,1.12999,1.13008,0.0,0,1744762128615,134,0.0
1744762128,1.12996,1.13005,0.0,0,1744762128768,134,0.0
1744762129,1.12997,1.13006,0.0,0,1744762129925,134,0.0
1744762131,1.12996,1.13005,0.0,0,1744762131110,134,0.0
1744762131,1.12999,1.13008,0.0,0,1744762131506,134,0.0
1744762133,1.13,1.13009,0.0,0,1744762133131,134,0.0
1744762134,1.12999,1.13008,0.0,0,1744762134299,134,0.0
1744762135,1.12998,1.13007,0.0,0,1744762135548,134,0.0
1744762141,1.12998,1.13007,0.0,0,1744762141212,130,0.0
1744762142,1.13,1.13009,0.0,0,1744762142223,134,0.0
1744762144,1.13001,1.1301,0.0,0,1744762144961,134,0.0
1744762146,1.12998,1.13007,0.0,0,1744762146605,134,0.0
1744762146,1.12996,1.13005,0.0,0,1744762146702,134,0.0
1744762146,1.12994,1.13003,0.0,0,1744762146731,134,0.0
1744762146,1.12992,1.13001,0.0,0,1744762146733,134,0.0
1744762146,1.1299,1.12999,0.0,0,1744762146751,134,0.0
1744762146,1.12989,1.12998,0.0,0,1744762146781,134,0.0
1744762147,1.12988,1.12997,0.0,0,1744762147352,134,0.0
1744762148,1.1299,1.12999,0.0,0,1744762148796,134,0.0
1744762149,1.12992,1.13001,0.0,0,1744762149352,134,0.0
1744762151,1.12994,1.13003,0.0,0,1744762151192,134,0.0
1744762151,1.12995,1.13004,0.0,0,1744762151233,134,0.0
1744762151,1.12997,1.13006,0.0,0,1744762151503,134,0.0
1744762153,1.12995,1.13004,0.0,0,1744762153105,134,0.0
1744762154,1.12994,1.13003,0.0,0,1744762154182,134,0.0
1744762156,1.12996,1.13005,0.0,0,1744762156950,134,0.0
1744762158,1.12998,1.13007,0.0,0,1744762158755,134,0.0
1744762160,1.12999,1.13008,0.0,0,1744762160078,134,0.0
1744762162,1.12997,1.13006,0.0,0,1744762162994,134,0.0
1744762165,1.12998,1.13007,0.0,0,1744762165183,134,0.0
1744762167,1.12999,1.13008,0.0,0,1744762167245,134,0.0
1744762168,1.13,1.13009,0.0,0,1744762168332,134,0.0
1744762169,1.12999,1.13008,0.0,0,1744762169358,134,0.0
1744762170,1.13,1.13009,0.0,0,1744762170360,134,0.0
1744762170,1.12998,1.13007,0.0,0,1744762170921,134,0.0
1744762172,1.12997,1.13006,0.0,0,1744762172983,134,0.0
1744762173,1.12996,1.13005,0.0,0,1744762173074,134,0.0
1744762174,1.12995,1.13004,0.0,0,1744762174265,134,0.0
1744762176,1.12997,1.13006,0.0,0,1744762176221,134,0.0
1744762177,1.12995,1.13004,0.0,0,1744762177368,134,0.0
1744762178,1.12996,1.13005,0.0,0,1744762178398,134,0.0
1744762183,1.12997,1.13006,0.0,0,1744762183955,134,0.0
1744762184,1.12999,1.13008,0.0,0,1744762184341,134,0.0
1744762184,1.13001,1.1301,0.0,0,1744762184348,134,0.0
1744762184,1.13002,1.13011,0.0,0,1744762184358,134,0.0
1744762184,1.13004,1.13013,0.0,0,1744762184362,134,0.0
1744762184,1.13006,1.13015,0.0,0,1744762184743,134,0.0
1744762184,1.13009,1.13018,0.0,0,1744762184755,134,0.0
1744762184,1.1301,1.13019,0.0,0,1744762184766,134,0.0
1744762184,1.13012,1.13021,0.0,0,1744762184769,134,0.0
1744762184,1.13013,1.13022,0.0,0,1744762184785,134,0.0
1744762185,1.13016,1.13025,0.0,0,1744762185098,134,0.0
1744762185,1.13012,1.13021,0.0,0,1744762185605,134,0.0
1744762186,1.1301,1.13019,0.0,0,1744762186321,134,0.0
1744762186,1.13008,1.1301700000000001,0.0,0,1744762186344,134,0.0
1744762187,1.13009,1.13018,0.0,0,1744762187358,134,0.0
1744762189,1.13012,1.13021,0.0,0,1744762189494,134,0.0
1744762190,1.13014,1.13023,0.0,0,1744762190001,134,0.0
1744762190,1.13016,1.13025,0.0,0,1744762190088,134,0.0
1744762190,1.13013,1.13022,0.0,0,1744762190490,134,0.0
1744762191,1.13011,1.1302,0.0,0,1744762191497,134,0.0
1744762192,1.13009,1.13018,0.0,0,1744762192893,134,0.0
1744762192,1.13008,1.1301700000000001,0.0,0,1744762192898,134,0.0
1744762193,1.13006,1.13015,0.0,0,1744762193033,134,0.0
1744762194,1.13007,1.13016,0.0,0,1744762194066,134,0.0
1744762195,1.13009,1.13018,0.0,0,1744762195603,134,0.0
1744762196,1.13007,1.13016,0.0,0,1744762196605,134,0.0
1744762197,1.1301,1.13019,0.0,0,1744762197233,134,0.0
1744762198,1.13007,1.13016,0.0,0,1744762198068,134,0.0
1744762198,1.13009,1.13018,0.0,0,1744762198526,134,0.0
1744762199,1.13011,1.1302,0.0,0,1744762199160,134,0.0
1744762199,1.13012,1.13021,0.0,0,1744762199167,134,0.0
1744762199,1.13014,1.13023,0.0,0,1744762199174,134,0.0
1744762199,1.13016,1.13025,0.0,0,1744762199185,134,0.0
1744762199,1.1301700000000001,1.13026,0.0,0,1744762199513,134,0.0
1744762200,1.13018,1.1302699999999999,0.0,0,1744762200245,134,0.0
1744762200,1.1302,1.13029,0.0,0,1744762200423,134,0.0
1744762201,1.13023,1.13032,0.0,0,1744762201452,134,0.0
1744762201,1.13024,1.13033,0.0,0,1744762201628,134,0.0
1744762202,1.13021,1.1303,0.0,0,1744762202755,134,0.0
1744762203,1.1302,1.13029,0.0,0,1744762203305,134,0.0
1744762205,1.13021,1.1303,0.0,0,1744762205382,134,0.0
1744762207,1.1302,1.13029,0.0,0,1744762207447,134,0.0
1744762208,1.13021,1.1303,0.0,0,1744762208553,134,0.0
1744762209,1.13024,1.13033,0.0,0,1744762209827,134,0.0
1744762210,1.13025,1.13034,0.0,0,1744762210029,134,0.0
1744762210,1.1302699999999999,1.13036,0.0,0,1744762210037,134,0.0
1744762210,1.13028,1.13037,0.0,0,1744762210047,134,0.0
1744762210,1.1303,1.13039,0.0,0,1744762210058,134,0.0
1744762210,1.13031,1.1304,0.0,0,1744762210205,134,0.0
1744762210,1.13029,1.13038,0.0,0,1744762210418,134,0.0
1744762211,1.1303,1.13039,0.0,0,1744762211377,134,0.0
1744762211,1.13032,1.13041,0.0,0,1744762211491,134,0.0
1744762212,1.1303,1.13039,0.0,0,1744762212436,134,0.0
1744762212,1.13029,1.13038,0.0,0,1744762212481,134,0.0
1744762212,1.1302699999999999,1.13036,0.0,0,1744762212494,134,0.0
1744762212,1.13025,1.13034,0.0,0,1744762212548,134,0.0
1744762212,1.13023,1.13032,0.0,0,1744762212565,134,0.0
1744762212,1.13022,1.13031,0.0,0,1744762212748,134,0.0
1744762213,1.1302,1.13029,0.0,0,1744762213306,134,0.0
1744762213,1.13019,1.13028,0.0,0,1744762213328,134,0.0
1744762213,1.1301700000000001,1.13026,0.0,0,1744762213398,134,0.0
1744762214,1.1302,1.13029,0.0,0,1744762214424,134,0.0
1744762214,1.1301700000000001,1.13026,0.0,0,1744762214908,134,0.0
1744762214,1.13015,1.13024,0.0,0,1744762214913,134,0.0
1744762214,1.13014,1.13023,0.0,0,1744762214918,134,0.0
1744762214,1.13012,1.13021,0.0,0,1744762214922,134,0.0
1744762214,1.13011,1.1302,0.0,0,1744762214925,134,0.0
1744762214,1.13009,1.13018,0.0,0,1744762214958,134,0.0
1744762214,1.13007,1.13016,0.0,0,1744762214970,134,0.0
1744762214,1.13005,1.13014,0.0,0,1744762214998,134,0.0
1744762215,1.13007,1.13016,0.0,0,1744762215428,134,0.0
1744762216,1.13009,1.13018,0.0,0,1744762216286,134,0.0
1744762217,1.1301,1.13019,0.0,0,1744762217296,134,0.0
1744762218,1.13008,1.1301700000000001,0.0,0,1744762218310,134,0.0
1744762219,1.13007,1.13016,0.0,0,1744762219345,134,0.0
1744762220,1.13005,1.13014,0.0,0,1744762220037,134,0.0
1744762220,1.13004,1.13013,0.0,0,1744762220184,134,0.0
1744762221,1.13002,1.13011,0.0,0,1744762221191,134,0.0
1744762222,1.13,1.13009,0.0,0,1744762222612,134,0.0
1744762223,1.12999,1.13008,0.0,0,1744762223226,134,0.0
1744762224,1.12997,1.13006,0.0,0,1744762224104,134,0.0
1744762224,1.13,1.13009,0.0,0,1744762224935,134,0.0
1744762225,1.12998,1.13007,0.0,0,1744762225182,134,0.0
1744762226,1.13,1.13009,0.0,0,1744762226384,134,0.0
1744762227,1.13002,1.13011,0.0,0,1744762227522,134,0.0
1744762229,1.13001,1.1301,0.0,0,1744762229717,134,0.0
1744762229,1.13003,1.13012,0.0,0,1744762229729,134,0.0
1744762229,1.13005,1.13014,0.0,0,1744762229735,134,0.0
1744762230,1.13006,1.13015,0.0,0,1744762230484,134,0.0
1744762231,1.13005,1.13014,0.0,0,1744762231610,134,0.0
1744762233,1.13006,1.13015,0.0,0,1744762233854,134,0.0
1744762233,1.13008,1.1301700000000001,0.0,0,1744762233896,134,0.0
1744762234,1.13006,1.13015,0.0,0,1744762234795,134,0.0
1744762235,1.13004,1.13013,0.0,0,1744762235579,134,0.0
1744762237,1.13005,1.13014,0.0,0,1744762237086,134,0.0
1744762237,1.13003,1.13012,0.0,0,1744762237115,134,0.0
1744762237,1.13006,1.13015,0.0,0,1744762237299,134,0.0
1744762238,1.13007,1.13016,0.0,0,1744762238444,134,0.0
1744762239,1.13009,1.13018,0.0,0,1744762239443,134,0.0
1744762240,1.13008,1.1301700000000001,0.0,0,1744762240512,134,0.0
1744762241,1.1301,1.13019,0.0,0,1744762241637,134,0.0
1744762241,1.13012,1.13021,0.0,0,1744762241808,134,0.0
1744762243,1.13009,1.13018,0.0,0,1744762243028,134,0.0
1744762246,1.13008,1.1301700000000001,0.0,0,1744762246135,134,0.0
1744762248,1.13009,1.13018,0.0,0,1744762248971,134,0.0
1744762250,1.13008,1.1301700000000001,0.0,0,1744762250007,134,0.0
1744762253,1.13006,1.13015,0.0,0,1744762253777,134,0.0
1744762254,1.13008,1.1301700000000001,0.0,0,1744762254117,134,0.0
1744762254,1.13011,1.1302,0.0,0,1744762254156,134,0.0
1744762254,1.13013,1.13022,0.0,0,1744762254958,134,0.0
1744762257,1.13012,1.13021,0.0,0,1744762257866,134,0.0
1744762260,1.13012,1.13021,0.0,0,1744762260221,130,0.0
1744762261,1.13011,1.1302,0.0,0,1744762261606,134,0.0
1744762262,1.13009,1.13018,0.0,0,1744762262135,134,0.0
1744762262,1.13007,1.13016,0.0,0,1744762262286,134,0.0
1744762263,1.13008,1.1301700000000001,0.0,0,1744762263336,134,0.0
1744762264,1.1301,1.13019,0.0,0,1744762264109,134,0.0
1744762264,1.13008,1.1301700000000001,0.0,0,1744762264413,134,0.0
1744762264,1.13006,1.13015,0.0,0,1744762264416,134,0.0
1744762264,1.13004,1.13013,0.0,0,1744762264475,134,0.0
1744762265,1.13003,1.13012,0.0,0,1744762265483,134,0.0
1744762266,1.13006,1.13015,0.0,0,1744762266065,134,0.0
1744762266,1.13008,1.1301700000000001,0.0,0,1744762266071,134,0.0
1744762266,1.1301,1.13019,0.0,0,1744762266079,134,0.0
1744762266,1.13011,1.1302,0.0,0,1744762266083,134,0.0
1744762266,1.13013,1.13022,0.0,0,1744762266084,134,0.0
1744762266,1.1301,1.13019,0.0,0,1744762266121,134,0.0
1744762267,1.13011,1.1302,0.0,0,1744762267141,134,0.0
1744762269,1.1301,1.13019,0.0,0,1744762269959,134,0.0
1744762271,1.13009,1.13018,0.0,0,1744762271095,134,0.0
1744762271,1.13007,1.13016,0.0,0,1744762271220,134,0.0
1744762271,1.13006,1.13015,0.0,0,1744762271276,134,0.0
1744762271,1.13009,1.13018,0.0,0,1744762271738,134,0.0
1744762271,1.13011,1.1302,0.0,0,1744762271895,134,0.0
1744762272,1.13013,1.13022,0.0,0,1744762272221,134,0.0
1744762272,1.13015,1.13024,0.0,0,1744762272475,134,0.0
1744762272,1.13016,1.13025,0.0,0,1744762272484,134,0.0
1744762272,1.1301700000000001,1.13026,0.0,0,1744762272493,134,0.0
1744762272,1.13019,1.13028,0.0,0,1744762272503,134,0.0
1744762272,1.13016,1.13025,0.0,0,1744762272630,134,0.0
1744762272,1.13014,1.13023,0.0,0,1744762272763,134,0.0
1744762273,1.13013,1.13022,0.0,0,1744762273771,134,0.0
1744762274,1.13015,1.13024,0.0,0,1744762274413,134,0.0
1744762274,1.1301700000000001,1.13026,0.0,0,1744762274511,134,0.0
1744762274,1.13019,1.13028,0.0,0,1744762274533,134,0.0
1744762274,1.13016,1.13025,0.0,0,1744762274935,134,0.0
1744762275,1.13014,1.13023,0.0,0,1744762275086,134,0.0
1744762275,1.13012,1.13021,0.0,0,1744762275116,134,0.0
1744762276,1.13011,1.1302,0.0,0,1744762276153,134,0.0
1744762277,1.13012,1.13021,0.0,0,1744762277191,134,0.0
1744762278,1.13014,1.13023,0.0,0,1744762278053,134,0.0
1744762278,1.13016,1.13025,0.0,0,1744762278064,134,0.0
1744762278,1.1301700000000001,1.13026,0.0,0,1744762278069,134,0.0
1744762278,1.13019,1.13028,0.0,0,1744762278076,134,0.0
1744762278,1.13015,1.13024,0.0,0,1744762278133,134,0.0
1744762285,1.1301700000000001,1.13026,0.0,0,1744762285047,134,0.0
1744762285,1.13019,1.13028,0.0,0,1744762285505,134,0.0
1744762288,1.13021,1.1303,0.0,0,1744762288399,134,0.0
1744762288,1.13023,1.13032,0.0,0,1744762288403,134,0.0
1744762288,1.13024,1.13033,0.0,0,1744762288413,134,0.0
1744762288,1.13026,1.13035,0.0,0,1744762288423,134,0.0
1744762288,1.1302699999999999,1.13036,0.0,0,1744762288449,134,0.0
1744762289,1.13028,1.13037,0.0,0,1744762289477,134,0.0
1744762290,1.1302699999999999,1.13036,0.0,0,1744762290770,134,0.0
1744762291,1.13025,1.13034,0.0,0,1744762291087,134,0.0
1744762291,1.13023,1.13032,0.0,0,1744762291093,134,0.0
1744762291,1.13021,1.1303,0.0,0,1744762291130,134,0.0
1744762291,1.13019,1.13028,0.0,0,1744762291245,134,0.0
1744762292,1.13022,1.13031,0.0,0,1744762292361,134,0.0
1744762293,1.13025,1.13034,0.0,0,1744762293302,134,0.0
1744762294,1.1302699999999999,1.13036,0.0,0,1744762294231,134,0.0
1744762294,1.13028,1.13037,0.0,0,1744762294622,134,0.0
1744762294,1.1303,1.13039,0.0,0,1744762294625,134,0.0
1744762294,1.13031,1.1304,0.0,0,1744762294643,134,0.0
1744762294,1.13034,1.13043,0.0,0,1744762294684,134,0.0
1744762294,1.13032,1.13041,0.0,0,1744762294882,134,0.0
1744762295,1.13031,1.1304,0.0,0,1744762295992,134,0.0
1744762297,1.1303,1.13039,0.0,0,1744762297133,134,0.0
1744762298,1.13033,1.13042,0.0,0,1744762298107,134,0.0
1744762300,1.13034,1.13043,0.0,0,1744762300305,134,0.0
1744762301,1.13035,1.1304400000000001,0.0,0,1744762301310,134,0.0
1744762301,1.13037,1.13046,0.0,0,1744762301831,134,0.0
1744762301,1.13038,1.13047,0.0,0,1744762301942,134,0.0
1744762302,1.13041,1.1305,0.0,0,1744762302444,134,0.0
1744762303,1.1304,1.13049,0.0,0,1744762303948,134,0.0
1744762305,1.13039,1.13048,0.0,0,1744762305061,134,0.0
1744762306,1.13037,1.13046,0.0,0,1744762306552,134,0.0
1744762306,1.13035,1.1304400000000001,0.0,0,1744762306585,134,0.0
1744762306,1.13033,1.13042,0.0,0,1744762306631,134,0.0
1744762310,1.13034,1.13043,0.0,0,1744762310823,134,0.0
1744762313,1.13032,1.13041,0.0,0,1744762313259,134,0.0
1744762313,1.1303,1.13039,0.0,0,1744762313303,134,0.0
1744762313,1.13029,1.13038,0.0,0,1744762313411,134,0.0
1744762315,1.13028,1.13037,0.0,0,1744762315919,134,0.0
1744762317,1.13029,1.13038,0.0,0,1744762317049,134,0.0
1744762317,1.13031,1.1304,0.0,0,1744762317861,134,0.0
1744762318,1.13029,1.13038,0.0,0,1744762318492,134,0.0
1744762318,1.1302699999999999,1.13036,0.0,0,1744762318499,134,0.0
1744762318,1.13025,1.13034,0.0,0,1744762318528,134,0.0
1744762318,1.13023,1.13032,0.0,0,1744762318560,134,0.0
1744762318,1.13022,1.13031,0.0,0,1744762318609,134,0.0
1744762318,1.13021,1.1303,0.0,0,1744762318643,134,0.0
1744762319,1.13022,1.13031,0.0,0,1744762319689,134,0.0
1744762320,1.13024,1.13033,0.0,0,1744762320201,134,0.0
1744762320,1.1302699999999999,1.13036,0.0,0,1744762320251,134,0.0
1744762320,1.13028,1.13037,0.0,0,1744762320264,134,0.0
1744762321,1.1303,1.13039,0.0,0,1744762321357,134,0.0
1744762323,1.13033,1.13042,0.0,0,1744762323556,134,0.0
1744762323,1.13034,1.13043,0.0,0,1744762323571,134,0.0
1744762323,1.13036,1.13045,0.0,0,1744762323580,134,0.0
1744762323,1.13037,1.13046,0.0,0,1744762323600,134,0.0
1744762323,1.13039,1.13048,0.0,0,1744762323614,134,0.0
1744762325,1.13041,1.1305,0.0,0,1744762325114,134,0.0
1744762326,1.13042,1.13051,0.0,0,1744762326145,134,0.0
1744762327,1.13043,1.13052,0.0,0,1744762327166,134,0.0
1744762327,1.13045,1.1305399999999999,0.0,0,1744762327170,134,0.0
1744762327,1.13043,1.13052,0.0,0,1744762327869,134,0.0
1744762329,1.1304400000000001,1.13053,0.0,0,1744762329577,134,0.0
1744762330,1.13046,1.13055,0.0,0,1744762330311,134,0.0
1744762330,1.13048,1.13057,0.0,0,1744762330461,134,0.0
1744762331,1.1305,1.13059,0.0,0,1744762331679,134,0.0
1744762332,1.13052,1.13061,0.0,0,1744762332540,134,0.0
1744762332,1.1305399999999999,1.13063,0.0,0,1744762332916,134,0.0
1744762333,1.13055,1.13064,0.0,0,1744762333745,134,0.0
1744762334,1.13057,1.13066,0.0,0,1744762334138,134,0.0
1744762334,1.13059,1.13068,0.0,0,1744762334143,134,0.0
1744762334,1.13061,1.1307,0.0,0,1744762334149,134,0.0
1744762334,1.13063,1.13072,0.0,0,1744762334155,134,0.0
1744762334,1.13064,1.13073,0.0,0,1744762334156,134,0.0
1744762334,1.13066,1.13075,0.0,0,1744762334158,134,0.0
1744762334,1.13068,1.13077,0.0,0,1744762334162,134,0.0
1744762334,1.13069,1.1307800000000001,0.0,0,1744762334195,134,0.0
1744762334,1.13066,1.13075,0.0,0,1744762334207,134,0.0
1744762334,1.13064,1.13073,0.0,0,1744762334302,134,0.0
1744762334,1.13062,1.13071,0.0,0,1744762334331,134,0.0
1744762334,1.13061,1.1307,0.0,0,1744762334472,134,0.0
1744762334,1.1306,1.13069,0.0,0,1744762334511,134,0.0
1744762335,1.13059,1.13068,0.0,0,1744762335812,134,0.0
1744762337,1.13058,1.13067,0.0,0,1744762337071,134,0.0
1744762337,1.13061,1.1307,0.0,0,1744762337601,134,0.0
1744762339,1.13062,1.13071,0.0,0,1744762339157,134,0.0
1744762342,1.13065,1.13074,0.0,0,1744762342455,134,0.0
1744762342,1.13067,1.13076,0.0,0,1744762342657,134,0.0
1744762343,1.13068,1.13077,0.0,0,1744762343525,134,0.0
1744762344,1.13066,1.13075,0.0,0,1744762344579,134,0.0
1744762345,1.13063,1.13072,0.0,0,1744762345772,134,0.0
1744762348,1.13066,1.13075,0.0,0,1744762348107,134,0.0
1744762349,1.13067,1.13076,0.0,0,1744762349712,134,0.0
1744762352,1.13066,1.13075,0.0,0,1744762352393,134,0.0
1744762353,1.13068,1.13077,0.0,0,1744762353109,134,0.0
1744762353,1.1307,1.13079,0.0,0,1744762353129,134,0.0
1744762353,1.13072,1.13081,0.0,0,1744762353636,134,0.0
1744762353,1.13074,1.13083,0.0,0,1744762353645,134,0.0
1744762353,1.13075,1.13084,0.0,0,1744762353690,134,0.0
1744762353,1.13076,1.13085,0.0,0,1744762353710,134,0.0
1744762353,1.13074,1.13083,0.0,0,1744762353860,134,0.0
1744762354,1.13076,1.13085,0.0,0,1744762354554,134,0.0
1744762354,1.13077,1.13086,0.0,0,1744762354709,134,0.0
1744762355,1.1307800000000001,1.13087,0.0,0,1744762355854,134,0.0
1744762358,1.13077,1.13086,0.0,0,1744762358146,134,0.0
1744762360,1.1307800000000001,1.13087,0.0,0,1744762360368,134,0.0
1744762361,1.13076,1.13085,0.0,0,1744762361369,134,0.0
1744762362,1.13074,1.13083,0.0,0,1744762362176,134,0.0
1744762362,1.13072,1.13081,0.0,0,1744762362193,134,0.0
1744762363,1.13073,1.13082,0.0,0,1744762363236,134,0.0
1744762364,1.13074,1.13083,0.0,0,1744762364473,134,0.0
1744762364,1.13076,1.13085,0.0,0,1744762364772,134,0.0
1744762367,1.1307800000000001,1.13087,0.0,0,1744762367779,134,0.0
1744762367,1.1308,1.13089,0.0,0,1744762367781,134,0.0
1744762367,1.13082,1.13091,0.0,0,1744762367792,134,0.0
1744762367,1.13083,1.13092,0.0,0,1744762367794,134,0.0
1744762367,1.13086,1.13095,0.0,0,1744762367830,134,0.0
1744762369,1.13087,1.13096,0.0,0,1744762369304,134,0.0
1744762369,1.13089,1.13098,0.0,0,1744762369312,134,0.0
1744762369,1.13091,1.131,0.0,0,1744762369338,134,0.0
1744762369,1.13094,1.13103,0.0,0,1744762369423,134,0.0
1744762369,1.13096,1.13105,0.0,0,1744762369441,134,0.0
1744762369,1.13092,1.13101,0.0,0,1744762369679,134,0.0
1744762370,1.13095,1.13104,0.0,0,1744762370869,134,0.0
1744762370,1.13097,1.13106,0.0,0,1744762370872,134,0.0
1744762371,1.13098,1.13107,0.0,0,1744762371060,134,0.0
1744762371,1.13099,1.13108,0.0,0,1744762371107,134,0.0
1744762371,1.13096,1.13105,0.0,0,1744762371153,134,0.0
1744762371,1.13094,1.13103,0.0,0,1744762371209,134,0.0
1744762372,1.13095,1.13104,0.0,0,1744762372372,134,0.0
1744762373,1.13096,1.13105,0.0,0,1744762373374,134,0.0
1744762374,1.13095,1.13104,0.0,0,1744762374451,134,0.0
1744762374,1.13097,1.13106,0.0,0,1744762374815,134,0.0
1744762374,1.13099,1.13108,0.0,0,1744762374900,134,0.0
1744762374,1.13101,1.1311,0.0,0,1744762374925,134,0.0
1744762374,1.13102,1.13111,0.0,0,1744762374934,134,0.0
1744762374,1.13104,1.13113,0.0,0,1744762374960,134,0.0
1744762375,1.13105,1.13114,0.0,0,1744762375233,134,0.0
1744762376,1.13104,1.13113,0.0,0,1744762376332,134,0.0
1744762376,1.13106,1.1311499999999999,0.0,0,1744762376740,134,0.0
1744762376,1.13107,1.13116,0.0,0,1744762376787,134,0.0
1744762376,1.13109,1.13118,0.0,0,1744762376813,134,0.0
1744762377,1.13106,1.1311499999999999,0.0,0,1744762377177,134,0.0
1744762377,1.13104,1.13113,0.0,0,1744762377185,134,0.0
1744762377,1.13102,1.13111,0.0,0,1744762377208,134,0.0
1744762377,1.13101,1.1311,0.0,0,1744762377234,134,0.0
1744762378,1.131,1.13109,0.0,0,1744762378669,134,0.0
1744762378,1.13098,1.13107,0.0,0,1744762378764,134,0.0
1744762380,1.131,1.13109,0.0,0,1744762380740,134,0.0
1744762381,1.13098,1.13107,0.0,0,1744762381280,134,0.0
1744762381,1.13097,1.13106,0.0,0,1744762381297,134,0.0
1744762381,1.13099,1.13108,0.0,0,1744762381897,134,0.0
1744762383,1.131,1.13109,0.0,0,1744762383113,134,0.0
1744762384,1.13099,1.13108,0.0,0,1744762384124,134,0.0
1744762384,1.13097,1.13106,0.0,0,1744762384714,134,0.0
1744762384,1.13095,1.13104,0.0,0,1744762384828,134,0.0
1744762384,1.13093,1.13102,0.0,0,1744762384914,134,0.0
1744762386,1.13095,1.13104,0.0,0,1744762386190,134,0.0
1744762386,1.13097,1.13106,0.0,0,1744762386262,134,0.0
1744762386,1.13099,1.13108,0.0,0,1744762386270,134,0.0
1744762386,1.131,1.13109,0.0,0,1744762386290,134,0.0
1744762389,1.13099,1.13108,0.0,0,1744762389488,134,0.0
1744762392,1.13098,1.13107,0.0,0,1744762392145,134,0.0
1744762393,1.13099,1.13108,0.0,0,1744762393342,134,0.0
1744762395,1.13097,1.13106,0.0,0,1744762395279,134,0.0
1744762395,1.13096,1.13105,0.0,0,1744762395869,134,0.0
1744762395,1.13094,1.13103,0.0,0,1744762395883,134,0.0
1744762395,1.13093,1.13102,0.0,0,1744762395933,134,0.0
1744762395,1.13091,1.131,0.0,0,1744762395989,134,0.0
1744762397,1.13092,1.13101,0.0,0,1744762397014,134,0.0
1744762398,1.13095,1.13104,0.0,0,1744762398727,134,0.0
1744762398,1.13097,1.13106,0.0,0,1744762398730,134,0.0
1744762398,1.13099,1.13108,0.0,0,1744762398733,134,0.0
1744762398,1.131,1.13109,0.0,0,1744762398738,134,0.0
1744762398,1.13101,1.1311,0.0,0,1744762398789,134,0.0
1744762398,1.13103,1.13112,0.0,0,1744762398969,134,0.0
1744762398,1.13105,1.13114,0.0,0,1744762398974,134,0.0
1744762400,1.13104,1.13113,0.0,0,1744762400212,134,0.0
1744762402,1.13103,1.13112,0.0,0,1744762402248,134,0.0
1744762402,1.13101,1.1311,0.0,0,1744762402502,134,0.0
1744762402,1.13099,1.13108,0.0,0,1744762402514,134,0.0
1744762402,1.13097,1.13106,0.0,0,1744762402530,134,0.0
1744762403,1.13096,1.13105,0.0,0,1744762403731,134,0.0
1744762404,1.13099,1.13108,0.0,0,1744762404052,134,0.0
1744762404,1.13101,1.1311,0.0,0,1744762404147,134,0.0
1744762406,1.13102,1.13111,0.0,0,1744762406654,134,0.0
1744762406,1.13104,1.13113,0.0,0,1744762406880,134,0.0
1744762407,1.13105,1.13114,0.0,0,1744762407766,134,0.0
1744762407,1.13107,1.13116,0.0,0,1744762407773,134,0.0
1744762407,1.13108,1.13117,0.0,0,1744762407779,134,0.0
1744762407,1.1311,1.13119,0.0,0,1744762407785,134,0.0
1744762407,1.13111,1.1312,0.0,0,1744762407795,134,0.0
1744762407,1.13113,1.13122,0.0,0,1744762407882,134,0.0
1744762408,1.1311,1.13119,0.0,0,1744762408045,134,0.0
1744762408,1.13109,1.13118,0.0,0,1744762408056,134,0.0
1744762408,1.13107,1.13116,0.0,0,1744762408095,134,0.0
1744762409,1.13109,1.13118,0.0,0,1744762409164,134,0.0
1744762410,1.13107,1.13116,0.0,0,1744762410299,134,0.0
1744762412,1.1311,1.13119,0.0,0,1744762412392,134,0.0
1744762412,1.13112,1.13121,0.0,0,1744762412433,134,0.0
1744762413,1.13114,1.13123,0.0,0,1744762413913,134,0.0
1744762413,1.13116,1.13125,0.0,0,1744762413918,134,0.0
1744762414,1.13114,1.13123,0.0,0,1744762414940,134,0.0
1744762415,1.13116,1.13125,0.0,0,1744762415488,134,0.0
1744762415,1.13117,1.13126,0.0,0,1744762415523,134,0.0
1744762415,1.13119,1.13128,0.0,0,1744762415746,134,0.0
1744762415,1.1312,1.13129,0.0,0,1744762415767,134,0.0
1744762416,1.13119,1.13128,0.0,0,1744762416806,134,0.0
1744762419,1.13118,1.13127,0.0,0,1744762419462,134,0.0
1744762419,1.1312,1.13129,0.0,0,1744762419973,134,0.0
1744762419,1.13123,1.13132,0.0,0,1744762419976,134,0.0
1744762419,1.13125,1.13134,0.0,0,1744762419991,134,0.0
1744762420,1.13121,1.1313,0.0,0,1744762420031,134,0.0
1744762420,1.1312,1.13129,0.0,0,1744762420090,134,0.0
1744762420,1.13123,1.13132,0.0,0,1744762420780,134,0.0
1744762422,1.13125,1.13134,0.0,0,1744762422430,134,0.0
1744762422,1.13122,1.13131,0.0,0,1744762422552,134,0.0
1744762422,1.1312,1.13129,0.0,0,1744762422570,134,0.0
1744762422,1.13119,1.13128,0.0,0,1744762422709,134,0.0
1744762423,1.13122,1.13131,0.0,0,1744762423718,134,0.0
1744762423,1.13121,1.1313,0.0,0,1744762423793,134,0.0
1744762424,1.13119,1.13128,0.0,0,1744762424380,134,0.0
1744762424,1.13117,1.13126,0.0,0,1744762424432,134,0.0
1744762424,1.13116,1.13125,0.0,0,1744762424789,134,0.0
1744762424,1.13119,1.13128,0.0,0,1744762424796,134,0.0
1744762424,1.13121,1.1313,0.0,0,1744762424801,134,0.0
1744762424,1.13123,1.13132,0.0,0,1744762424808,134,0.0
1744762424,1.13124,1.13133,0.0,0,1744762424821,134,0.0
1744762424,1.13126,1.13135,0.0,0,1744762424843,134,0.0
1744762425,1.13124,1.13133,0.0,0,1744762425552,134,0.0
1744762427,1.13121,1.1313,0.0,0,1744762427018,134,0.0
1744762427,1.13119,1.13128,0.0,0,1744762427472,134,0.0
1744762427,1.13118,1.13127,0.0,0,1744762427922,134,0.0
1744762427,1.13116,1.13125,0.0,0,1744762427928,134,0.0
1744762427,1.13114,1.13123,0.0,0,1744762427939,134,0.0
1744762427,1.13113,1.13122,0.0,0,1744762427988,134,0.0
1744762428,1.13114,1.13123,0.0,0,1744762428994,134,0.0
1744762429,1.13117,1.13126,0.0,0,1744762429040,134,0.0
1744762429,1.13119,1.13128,0.0,0,1744762429076,134,0.0
1744762430,1.1312,1.13129,0.0,0,1744762430061,134,0.0
1744762433,1.13122,1.13131,0.0,0,1744762433203,134,0.0
1744762433,1.13124,1.13133,0.0,0,1744762433215,134,0.0
1744762433,1.13125,1.13134,0.0,0,1744762433224,134,0.0
1744762434,1.13126,1.13135,0.0,0,1744762434048,134,0.0
1744762434,1.13129,1.13138,0.0,0,1744762434241,134,0.0
1744762434,1.1313,1.1313900000000001,0.0,0,1744762434276,134,0.0
1744762435,1.13129,1.13138,0.0,0,1744762435388,134,0.0
1744762436,1.1313,1.1313900000000001,0.0,0,1744762436404,134,0.0
1744762437,1.13127,1.13136,0.0,0,1744762437891,134,0.0
1744762438,1.13129,1.13138,0.0,0,1744762438947,134,0.0
1744762439,1.13127,1.13136,0.0,0,1744762439951,134,0.0
1744762439,1.13125,1.13134,0.0,0,1744762439979,134,0.0
1744762440,1.13124,1.13133,0.0,0,1744762440565,134,0.0
1744762440,1.13122,1.13131,0.0,0,1744762440578,134,0.0
1744762440,1.13121,1.1313,0.0,0,1744762440588,134,0.0
1744762440,1.13124,1.13133,0.0,0,1744762440626,134,0.0
1744762440,1.13126,1.13135,0.0,0,1744762440827,134,0.0
1744762441,1.13127,1.13136,0.0,0,1744762441876,134,0.0
1744762443,1.13128,1.13137,0.0,0,1744762443330,134,0.0
1744762444,1.13125,1.13134,0.0,0,1744762444282,134,0.0
1744762445,1.13124,1.13133,0.0,0,1744762445035,134,0.0
1744762447,1.13122,1.13131,0.0,0,1744762447431,134,0.0
1744762447,1.13121,1.1313,0.0,0,1744762447471,134,0.0
1744762447,1.13119,1.13128,0.0,0,1744762447487,134,0.0
1744762447,1.13122,1.13131,0.0,0,1744762447790,134,0.0
1744762448,1.13124,1.13133,0.0,0,1744762448364,134,0.0
1744762449,1.13123,1.13132,0.0,0,1744762449505,134,0.0
1744762450,1.13124,1.13133,0.0,0,1744762450586,134,0.0
1744762452,1.13122,1.13131,0.0,0,1744762452541,134,0.0
1744762452,1.1312,1.13129,0.0,0,1744762452560,134,0.0
1744762452,1.13118,1.13127,0.0,0,1744762452831,134,0.0
1744762455,1.1312,1.13129,0.0,0,1744762455484,134,0.0
1744762458,1.13119,1.13128,0.0,0,1744762458261,134,0.0
1744762460,1.13118,1.13127,0.0,0,1744762460379,134,0.0
1744762461,1.13116,1.13125,0.0,0,1744762461228,134,0.0
1744762461,1.13114,1.13123,0.0,0,1744762461247,134,0.0
1744762461,1.13113,1.13122,0.0,0,1744762461259,134,0.0
1744762461,1.13111,1.1312,0.0,0,1744762461307,134,0.0
1744762462,1.13113,1.13122,0.0,0,1744762462551,134,0.0
1744762466,1.13114,1.13123,0.0,0,1744762466243,134,0.0
1744762467,1.13113,1.13122,0.0,0,1744762467541,134,0.0
1744762467,1.1311499999999999,1.13124,0.0,0,1744762467982,134,0.0
1744762468,1.13112,1.13121,0.0,0,1744762468009,134,0.0
1744762468,1.13111,1.1312,0.0,0,1744762468046,134,0.0
1744762468,1.13109,1.13118,0.0,0,1744762468066,134,0.0
1744762468,1.13112,1.13121,0.0,0,1744762468082,134,0.0
1744762468,1.13114,1.13123,0.0,0,1744762468130,134,0.0
1744762468,1.13116,1.13125,0.0,0,1744762468210,134,0.0
1744762468,1.13117,1.13126,0.0,0,1744762468339,134,0.0
1744762468,1.13119,1.13128,0.0,0,1744762468366,134,0.0
1744762470,1.13118,1.13127,0.0,0,1744762470909,134,0.0
1744762473,1.13117,1.13126,0.0,0,1744762473083,134,0.0
1744762474,1.13119,1.13128,0.0,0,1744762474100,134,0.0
1744762475,1.13118,1.13127,0.0,0,1744762475110,134,0.0
1744762476,1.13119,1.13128,0.0,0,1744762476335,134,0.0
1744762477,1.13121,1.1313,0.0,0,1744762477132,134,0.0
1744762477,1.13122,1.13131,0.0,0,1744762477137,134,0.0
1744762477,1.13124,1.13133,0.0,0,1744762477148,134,0.0
1744762477,1.13126,1.13135,0.0,0,1744762477167,134,0.0
1744762478,1.13125,1.13134,0.0,0,1744762478295,134,0.0
1744762480,1.13123,1.13132,0.0,0,1744762480200,134,0.0
1744762481,1.13125,1.13134,0.0,0,1744762481615,134,0.0
1744762481,1.13127,1.13136,0.0,0,1744762481664,134,0.0
1744762481,1.13128,1.13137,0.0,0,1744762481667,134,0.0
1744762481,1.1313,1.1313900000000001,0.0,0,1744762481680,134,0.0
1744762483,1.13131,1.1314,0.0,0,1744762483172,134,0.0
1744762484,1.13129,1.13138,0.0,0,1744762484339,134,0.0
1744762485,1.13131,1.1314,0.0,0,1744762485344,134,0.0
1744762486,1.1313,1.1313900000000001,0.0,0,1744762486577,134,0.0
1744762488,1.13131,1.1314,0.0,0,1744762488110,134,0.0
1744762489,1.1313,1.1313900000000001,0.0,0,1744762489378,134,0.0
1744762490,1.13131,1.1314,0.0,0,1744762490514,134,0.0
1744762492,1.1313,1.1313900000000001,0.0,0,1744762492180,134,0.0
1744762493,1.13128,1.13137,0.0,0,1744762493271,134,0.0
1744762495,1.13129,1.13138,0.0,0,1744762495436,134,0.0
1744762499,1.1313,1.1313900000000001,0.0,0,1744762499469,134,0.0
1744762499,1.13127,1.13136,0.0,0,1744762499510,134,0.0
1744762499,1.13125,1.13134,0.0,0,1744762499765,134,0.0
1744762500,1.13128,1.13137,0.0,0,1744762500135,134,0.0
1744762501,1.13129,1.13138,0.0,0,1744762501182,134,0.0
1744762501,1.13126,1.13135,0.0,0,1744762501952,134,0.0
1744762502,1.13124,1.13133,0.0,0,1744762502645,134,0.0
1744762502,1.13126,1.13135,0.0,0,1744762502667,134,0.0
1744762502,1.13129,1.13138,0.0,0,1744762502674,134,0.0
1744762502,1.13131,1.1314,0.0,0,1744762502680,134,0.0
1744762502,1.13133,1.13142,0.0,0,1744762502686,134,0.0
1744762502,1.1313,1.1313900000000001,0.0,0,1744762502778,134,0.0
1744762502,1.13132,1.13141,0.0,0,1744762502920,134,0.0
1744762502,1.13133,1.13142,0.0,0,1744762502941,134,0.0
1744762502,1.13135,1.13144,0.0,0,1744762502955,134,0.0
1744762503,1.13137,1.13146,0.0,0,1744762503319,134,0.0
1744762503,1.1313900000000001,1.13148,0.0,0,1744762503333,134,0.0
1744762503,1.13137,1.13146,0.0,0,1744762503430,134,0.0
1744762503,1.1313900000000001,1.13148,0.0,0,1744762503532,134,0.0
1744762503,1.13141,1.1315,0.0,0,1744762503716,134,0.0
1744762503,1.13143,1.13152,0.0,0,1744762503731,134,0.0
1744762503,1.13141,1.1315,0.0,0,1744762503740,134,0.0
1744762503,1.13138,1.13147,0.0,0,1744762503759,134,0.0
1744762503,1.13136,1.13145,0.0,0,1744762503915,134,0.0
1744762503,1.13134,1.13143,0.0,0,1744762503933,134,0.0
1744762503,1.13133,1.13142,0.0,0,1744762503952,134,0.0
1744762504,1.13131,1.1314,0.0,0,1744762504029,134,0.0
1744762504,1.13129,1.13138,0.0,0,1744762504060,134,0.0
1744762504,1.13128,1.13137,0.0,0,1744762504074,134,0.0
1744762504,1.13127,1.13136,0.0,0,1744762504819,134,0.0
1744762505,1.13128,1.13137,0.0,0,1744762505884,134,0.0
1744762506,1.13126,1.13135,0.0,0,1744762506031,134,0.0
1744762506,1.13129,1.13138,0.0,0,1744762506128,134,0.0
1744762507,1.1313,1.1313900000000001,0.0,0,1744762507129,134,0.0
1744762508,1.13131,1.1314,0.0,0,1744762508068,134,0.0
1744762508,1.13134,1.13143,0.0,0,1744762508619,134,0.0
1744762508,1.13135,1.13144,0.0,0,1744762508635,134,0.0
1744762508,1.13137,1.13146,0.0,0,1744762508661,134,0.0
1744762509,1.13134,1.13143,0.0,0,1744762509211,134,0.0
1744762509,1.13131,1.1314,0.0,0,1744762509947,134,0.0
1744762510,1.13134,1.13143,0.0,0,1744762510951,134,0.0
1744762512,1.13136,1.13145,0.0,0,1744762512016,134,0.0
1744762512,1.13138,1.13147,0.0,0,1744762512464,134,0.0
1744762512,1.1313900000000001,1.13148,0.0,0,1744762512480,134,0.0
1744762514,1.13135,1.13144,0.0,0,1744762514405,134,0.0
1744762514,1.13138,1.13147,0.0,0,1744762514487,134,0.0
1744762514,1.1314,1.1314899999999999,0.0,0,1744762514508,134,0.0
1744762515,1.13138,1.13147,0.0,0,1744762515878,134,0.0
1744762516,1.13136,1.13145,0.0,0,1744762516107,134,0.0
1744762516,1.1313900000000001,1.13148,0.0,0,1744762516127,134,0.0
1744762516,1.13141,1.1315,0.0,0,1744762516140,134,0.0
1744762516,1.13142,1.13151,0.0,0,1744762516142,134,0.0
1744762516,1.13144,1.13153,0.0,0,1744762516205,134,0.0
1744762516,1.13146,1.13155,0.0,0,1744762516225,134,0.0
1744762516,1.13148,1.13157,0.0,0,1744762516285,134,0.0
1744762516,1.1315,1.13159,0.0,0,1744762516295,134,0.0
1744762516,1.13151,1.1316,0.0,0,1744762516299,134,0.0
1744762516,1.13148,1.13157,0.0,0,1744762516313,134,0.0
1744762516,1.13146,1.13155,0.0,0,1744762516334,134,0.0
1744762516,1.13145,1.13154,0.0,0,1744762516353,134,0.0
1744762516,1.13144,1.13153,0.0,0,1744762516427,134,0.0
1744762516,1.13142,1.13151,0.0,0,1744762516486,134,0.0
1744762518,1.13144,1.13153,0.0,0,1744762518598,134,0.0
1744762520,1.13143,1.13152,0.0,0,1744762520195,134,0.0
1744762521,1.13145,1.13154,0.0,0,1744762521640,134,0.0
1744762521,1.13147,1.13156,0.0,0,1744762521645,134,0.0
1744762521,1.13144,1.13153,0.0,0,1744762521731,134,0.0
1744762522,1.13146,1.13155,0.0,0,1744762522984,134,0.0
1744762522,1.13147,1.13156,0.0,0,1744762522995,134,0.0
1744762523,1.1314899999999999,1.13158,0.0,0,1744762523168,134,0.0
1744762523,1.13146,1.13155,0.0,0,1744762523633,134,0.0
1744762523,1.13144,1.13153,0.0,0,1744762523770,134,0.0
1744762523,1.13142,1.13151,0.0,0,1744762523789,134,0.0
1744762524,1.13146,1.13155,0.0,0,1744762524258,134,0.0
1744762524,1.13148,1.13157,0.0,0,1744762524259,134,0.0
1744762524,1.1314899999999999,1.13158,0.0,0,1744762524260,134,0.0
1744762524,1.13151,1.1316,0.0,0,1744762524272,134,0.0
1744762524,1.13153,1.13162,0.0,0,1744762524348,134,0.0
1744762525,1.13152,1.13161,0.0,0,1744762525387,134,0.0
1744762527,1.13151,1.1316,0.0,0,1744762527649,134,0.0
1744762528,1.13152,1.13161,0.0,0,1744762528857,134,0.0
1744762529,1.13154,1.13163,0.0,0,1744762529590,134,0.0
1744762529,1.13156,1.13165,0.0,0,1744762529591,134,0.0
1744762529,1.13157,1.13166,0.0,0,1744762529597,134,0.0
1744762529,1.13159,1.13168,0.0,0,1744762529609,134,0.0
1744762529,1.13156,1.13165,0.0,0,1744762529642,134,0.0
1744762529,1.13154,1.13163,0.0,0,1744762529794,134,0.0
1744762530,1.13153,1.13162,0.0,0,1744762530856,134,0.0
1744762531,1.13157,1.13166,0.0,0,1744762531047,134,0.0
1744762531,1.13158,1.13167,0.0,0,1744762531308,134,0.0
1744762531,1.13161,1.1317,0.0,0,1744762531641,134,0.0
1744762532,1.13163,1.13172,0.0,0,1744762532922,134,0.0
1744762533,1.13164,1.1317300000000001,0.0,0,1744762533142,134,0.0
1744762533,1.13161,1.1317,0.0,0,1744762533736,134,0.0
1744762533,1.13159,1.13168,0.0,0,1744762533759,134,0.0
1744762534,1.13158,1.13167,0.0,0,1744762534154,134,0.0
1744762535,1.13159,1.13168,0.0,0,1744762535180,134,0.0
1744762536,1.13158,1.13167,0.0,0,1744762536018,134,0.0
1744762536,1.13161,1.1317,0.0,0,1744762536194,134,0.0
1744762536,1.13163,1.13172,0.0,0,1744762536195,134,0.0
1744762536,1.13165,1.13174,0.0,0,1744762536205,134,0.0
1744762536,1.13167,1.1317599999999999,0.0,0,1744762536235,134,0.0
1744762536,1.13162,1.13171,0.0,0,1744762536294,134,0.0
1744762536,1.13164,1.1317300000000001,0.0,0,1744762536500,134,0.0
1744762537,1.13162,1.13171,0.0,0,1744762537063,134,0.0
1744762537,1.1316,1.13169,0.0,0,1744762537623,134,0.0
1744762538,1.13162,1.13171,0.0,0,1744762538726,134,0.0
1744762539,1.13161,1.1317,0.0,0,1744762539752,134,0.0
1744762540,1.13159,1.13168,0.0,0,1744762540430,134,0.0
1744762541,1.13158,1.13167,0.0,0,1744762541975,134,0.0
1744762544,1.13159,1.13168,0.0,0,1744762544003,134,0.0
1744762544,1.13161,1.1317,0.0,0,1744762544253,134,0.0
1744762544,1.13163,1.13172,0.0,0,1744762544368,134,0.0
1744762545,1.13162,1.13171,0.0,0,1744762545449,134,0.0
1744762548,1.13164,1.1317300000000001,0.0,0,1744762548388,134,0.0
1744762548,1.13165,1.13174,0.0,0,1744762548590,134,0.0
1744762549,1.13166,1.13175,0.0,0,1744762549607,134,0.0
1744762549,1.13163,1.13172,0.0,0,1744762549989,134,0.0
1744762549,1.13161,1.1317,0.0,0,1744762549994,134,0.0
1744762550,1.1316,1.13169,0.0,0,1744762550001,134,0.0
1744762550,1.13157,1.13166,0.0,0,1744762550066,134,0.0
1744762551,1.13155,1.13164,0.0,0,1744762551172,134,0.0
1744762552,1.13157,1.13166,0.0,0,1744762552285,134,0.0
1744762553,1.13158,1.13167,0.0,0,1744762553377,134,0.0
1744762557,1.13157,1.13166,0.0,0,1744762557471,134,0.0
1744762558,1.13155,1.13164,0.0,0,1744762558590,134,0.0
1744762558,1.13153,1.13162,0.0,0,1744762558594,134,0.0
1744762558,1.13151,1.1316,0.0,0,1744762558602,134,0.0
1744762558,1.13148,1.13157,0.0,0,1744762558641,134,0.0
1744762558,1.13147,1.13156,0.0,0,1744762558783,134,0.0
1744762560,1.13148,1.13157,0.0,0,1744762560166,134,0.0
1744762563,1.13146,1.13155,0.0,0,1744762563391,134,0.0
1744762563,1.13144,1.13153,0.0,0,1744762563613,134,0.0
1744762564,1.13143,1.13152,0.0,0,1744762564687,134,0.0
1744762565,1.13141,1.1315,0.0,0,1744762565140,134,0.0
1744762565,1.13145,1.13154,0.0,0,1744762565180,134,0.0
1744762566,1.13146,1.13155,0.0,0,1744762566390,134,0.0
1744762568,1.13147,1.13156,0.0,0,1744762568348,134,0.0
1744762571,1.13146,1.13155,0.0,0,1744762571690,134,0.0
1744762575,1.13147,1.13156,0.0,0,1744762575810,134,0.0
1744762576,1.1314899999999999,1.13158,0.0,0,1744762576392,134,0.0
1744762577,1.1315,1.13159,0.0,0,1744762577517,134,0.0
1744762578,1.1314899999999999,1.13158,0.0,0,1744762578676,134,0.0
1744762581,1.1315,1.13159,0.0,0,1744762581029,134,0.0
1744762581,1.13147,1.13156,0.0,0,1744762581932,134,0.0
1744762581,1.13145,1.13154,0.0,0,1744762581973,134,0.0
1744762582,1.13143,1.13152,0.0,0,1744762582428,134,0.0
1744762582,1.13146,1.13155,0.0,0,1744762582666,134,0.0
1744762582,1.1314899999999999,1.13158,0.0,0,1744762582674,134,0.0
1744762582,1.1315,1.13159,0.0,0,1744762582679,134,0.0
1744762582,1.13152,1.13161,0.0,0,1744762582685,134,0.0
1744762582,1.13153,1.13162,0.0,0,1744762582704,134,0.0
1744762582,1.13156,1.13165,0.0,0,1744762582704,134,0.0
1744762582,1.13157,1.13166,0.0,0,1744762582710,134,0.0
1744762582,1.13158,1.13167,0.0,0,1744762582849,134,0.0
1744762583,1.13161,1.1317,0.0,0,1744762583070,134,0.0
1744762584,1.1316,1.13169,0.0,0,1744762584153,134,0.0
1744762585,1.13157,1.13166,0.0,0,1744762585570,134,0.0
1744762585,1.13156,1.13165,0.0,0,1744762585578,134,0.0
1744762585,1.13154,1.13163,0.0,0,1744762585613,134,0.0
1744762585,1.13152,1.13161,0.0,0,1744762585654,134,0.0
1744762585,1.13155,1.13164,0.0,0,1744762585926,134,0.0
1744762587,1.13156,1.13165,0.0,0,1744762587242,134,0.0
1744762588,1.13154,1.13163,0.0,0,1744762588924,134,0.0
1744762588,1.13152,1.13161,0.0,0,1744762588944,134,0.0
1744762589,1.13155,1.13164,0.0,0,1744762589189,134,0.0
1744762589,1.13157,1.13166,0.0,0,1744762589423,134,0.0
1744762590,1.13155,1.13164,0.0,0,1744762590433,134,0.0
1744762590,1.13153,1.13162,0.0,0,1744762590867,134,0.0
1744762591,1.13151,1.1316,0.0,0,1744762591058,134,0.0
1744762593,1.13152,1.13161,0.0,0,1744762593385,134,0.0
1744762595,1.13151,1.1316,0.0,0,1744762595372,134,0.0
1744762595,1.1314899999999999,1.13158,0.0,0,1744762595384,134,0.0
1744762596,1.13148,1.13157,0.0,0,1744762596545,134,0.0
1744762597,1.13146,1.13155,0.0,0,1744762597513,134,0.0
1744762600,1.13148,1.13157,0.0,0,1744762600381,134,0.0
1744762600,1.1315,1.13159,0.0,0,1744762600909,134,0.0
1744762601,1.13151,1.1316,0.0,0,1744762601081,134,0.0
1744762602,1.13153,1.13162,0.0,0,1744762602386,134,0.0
1744762602,1.13154,1.13163,0.0,0,1744762602400,134,0.0
1744762604,1.13152,1.13161,0.0,0,1744762604018,134,0.0
1744762604,1.13151,1.1316,0.0,0,1744762604031,134,0.0
1744762604,1.1314899999999999,1.13158,0.0,0,1744762604033,134,0.0
1744762604,1.13147,1.13156,0.0,0,1744762604040,134,0.0
1744762605,1.13148,1.13157,0.0,0,1744762605453,134,0.0
1744762605,1.13151,1.1316,0.0,0,1744762605463,134,0.0
1744762605,1.13152,1.13161,0.0,0,1744762605473,134,0.0
1744762605,1.13154,1.13163,0.0,0,1744762605477,134,0.0
1744762605,1.13155,1.13164,0.0,0,1744762605496,134,0.0
1744762607,1.13157,1.13166,0.0,0,1744762607059,134,0.0
1744762607,1.13158,1.13167,0.0,0,1744762607066,134,0.0
1744762607,1.1316,1.13169,0.0,0,1744762607072,134,0.0
1744762607,1.13161,1.1317,0.0,0,1744762607082,134,0.0
1744762607,1.13163,1.13172,0.0,0,1744762607090,134,0.0
1744762607,1.13164,1.1317300000000001,0.0,0,1744762607115,134,0.0
1744762607,1.13166,1.13175,0.0,0,1744762607135,134,0.0
1744762607,1.13163,1.13172,0.0,0,1744762607303,134,0.0
1744762608,1.13164,1.1317300000000001,0.0,0,1744762608375,134,0.0
1744762608,1.13166,1.13175,0.0,0,1744762608400,134,0.0
1744762610,1.13167,1.1317599999999999,0.0,0,1744762610000,134,0.0
1744762610,1.13169,1.13178,0.0,0,1744762610505,134,0.0
1744762611,1.13171,1.1318,0.0,0,1744762611350,134,0.0
1744762611,1.1317300000000001,1.13182,0.0,0,1744762611359,134,0.0
1744762613,1.13174,1.13183,0.0,0,1744762613230,134,0.0
1744762613,1.13175,1.13184,0.0,0,1744762613284,134,0.0
1744762613,1.1317599999999999,1.13185,0.0,0,1744762613287,134,0.0
1744762613,1.13178,1.13187,0.0,0,1744762613300,134,0.0
1744762613,1.1318,1.13189,0.0,0,1744762613351,134,0.0
1744762617,1.13183,1.13192,0.0,0,1744762617191,134,0.0
1744762617,1.13184,1.13193,0.0,0,1744762617195,134,0.0
1744762617,1.13186,1.13195,0.0,0,1744762617206,134,0.0
1744762619,1.13185,1.13194,0.0,0,1744762619453,134,0.0
1744762620,1.13187,1.13196,0.0,0,1744762620423,134,0.0
1744762621,1.13184,1.13193,0.0,0,1744762621048,134,0.0
1744762621,1.13182,1.13191,0.0,0,1744762621062,134,0.0
1744762621,1.1318,1.13189,0.0,0,1744762621070,134,0.0
1744762623,1.13178,1.13187,0.0,0,1744762623661,134,0.0
1744762623,1.13177,1.13186,0.0,0,1744762623666,134,0.0
1744762623,1.13175,1.13184,0.0,0,1744762623677,134,0.0
1744762623,1.13174,1.13183,0.0,0,1744762623699,134,0.0
1744762624,1.1317300000000001,1.13182,0.0,0,1744762624708,134,0.0
1744762625,1.13174,1.13183,0.0,0,1744762625803,134,0.0
1744762627,1.13175,1.13184,0.0,0,1744762627103,134,0.0
1744762627,1.13177,1.13186,0.0,0,1744762627128,134,0.0
1744762627,1.13179,1.13188,0.0,0,1744762627162,134,0.0
1744762627,1.1318,1.13189,0.0,0,1744762627529,134,0.0
1744762630,1.13179,1.13188,0.0,0,1744762630123,134,0.0
1744762632,1.13177,1.13186,0.0,0,1744762632451,134,0.0
1744762632,1.13175,1.13184,0.0,0,1744762632749,134,0.0
1744762632,1.13178,1.13187,0.0,0,1744762632825,134,0.0
1744762632,1.1317599999999999,1.13185,0.0,0,1744762632848,134,0.0
1744762632,1.13174,1.13183,0.0,0,1744762632856,134,0.0
1744762633,1.1317300000000001,1.13182,0.0,0,1744762633985,134,0.0
1744762633,1.13175,1.13184,0.0,0,1744762633997,134,0.0
1744762636,1.1317599999999999,1.13185,0.0,0,1744762636476,134,0.0
1744762637,1.13175,1.13184,0.0,0,1744762637528,134,0.0
1744762637,1.1317300000000001,1.13182,0.0,0,1744762637634,134,0.0
1744762639,1.13171,1.1318,0.0,0,1744762639008,134,0.0
1744762639,1.13169,1.13178,0.0,0,1744762639056,134,0.0
1744762639,1.13167,1.1317599999999999,0.0,0,1744762639098,134,0.0
1744762640,1.13171,1.1318,0.0,0,1744762640100,134,0.0
1744762641,1.1317,1.13179,0.0,0,1744762641102,134,0.0
1744762642,1.13171,1.1318,0.0,0,1744762642366,134,0.0
1744762644,1.1317300000000001,1.13182,0.0,0,1744762644933,134,0.0
1744762645,1.13175,1.13184,0.0,0,1744762645244,134,0.0
1744762645,1.1317599999999999,1.13185,0.0,0,1744762645877,134,0.0
1744762649,1.13175,1.13184,0.0,0,1744762649384,134,0.0
1744762649,1.13172,1.13181,0.0,0,1744762649886,134,0.0
1744762649,1.13171,1.1318,0.0,0,1744762649893,134,0.0
1744762649,1.13169,1.13178,0.0,0,1744762649906,134,0.0
1744762650,1.13168,1.13177,0.0,0,1744762650229,134,0.0
1744762651,1.13167,1.1317599999999999,0.0,0,1744762651426,134,0.0
1744762652,1.13169,1.13178,0.0,0,1744762652564,134,0.0
1744762654,1.13167,1.1317599999999999,0.0,0,1744762654347,134,0.0
1744762654,1.13165,1.13174,0.0,0,1744762654487,134,0.0
1744762654,1.13164,1.1317300000000001,0.0,0,1744762654508,134,0.0
1744762655,1.13166,1.13175,0.0,0,1744762655107,134,0.0
1744762655,1.13169,1.13178,0.0,0,1744762655134,134,0.0
1744762655,1.1317,1.13179,0.0,0,1744762655333,134,0.0
1744762656,1.13172,1.13181,0.0,0,1744762656523,134,0.0
1744762656,1.13174,1.13183,0.0,0,1744762656533,134,0.0
1744762656,1.13175,1.13184,0.0,0,1744762656550,134,0.0
1744762658,1.13177,1.13186,0.0,0,1744762658614,134,0.0
1744762659,1.13175,1.13184,0.0,0,1744762659816,134,0.0
1744762660,1.1317300000000001,1.13182,0.0,0,1744762660654,134,0.0
1744762660,1.13172,1.13181,0.0,0,1744762660671,134,0.0
1744762661,1.1317300000000001,1.13182,0.0,0,1744762661879,134,0.0
1744762663,1.13174,1.13183,0.0,0,1744762663138,134,0.0
1744762663,1.1317599999999999,1.13185,0.0,0,1744762663341,134,0.0
1744762664,1.13175,1.13184,0.0,0,1744762664753,134,0.0
1744762665,1.1317300000000001,1.13182,0.0,0,1744762665351,134,0.0
1744762666,1.13172,1.13181,0.0,0,1744762666661,134,0.0
1744762669,1.1317,1.13179,0.0,0,1744762669055,134,0.0
1744762669,1.13168,1.13177,0.0,0,1744762669060,134,0.0
1744762669,1.13167,1.1317599999999999,0.0,0,1744762669070,134,0.0
1744762669,1.13165,1.13174,0.0,0,1744762669178,134,0.0
1744762669,1.13168,1.13177,0.0,0,1744762669364,134,0.0
1744762670,1.13166,1.13175,0.0,0,1744762670332,134,0.0
1744762670,1.13165,1.13174,0.0,0,1744762670529,134,0.0
1744762671,1.13164,1.1317300000000001,0.0,0,1744762671853,134,0.0
1744762671,1.13163,1.13172,0.0,0,1744762671859,134,0.0
1744762671,1.13161,1.1317,0.0,0,1744762671865,134,0.0
1744762671,1.1316,1.13169,0.0,0,1744762671885,134,0.0
1744762671,1.13157,1.13166,0.0,0,1744762671917,134,0.0
1744762671,1.13155,1.13164,0.0,0,1744762671973,134,0.0
1744762671,1.13154,1.13163,0.0,0,1744762671995,134,0.0
1744762672,1.13152,1.13161,0.0,0,1744762672430,134,0.0
1744762673,1.13153,1.13162,0.0,0,1744762673441,134,0.0
1744762675,1.13154,1.13163,0.0,0,1744762675571,134,0.0
1744762676,1.13153,1.13162,0.0,0,1744762676936,134,0.0
1744762677,1.13151,1.1316,0.0,0,1744762677069,134,0.0
1744762677,1.1315,1.13159,0.0,0,1744762677085,134,0.0
1744762677,1.13148,1.13157,0.0,0,1744762677122,134,0.0
1744762678,1.13147,1.13156,0.0,0,1744762678789,134,0.0
1744762678,1.13144,1.13153,0.0,0,1744762678801,134,0.0
1744762678,1.13143,1.13152,0.0,0,1744762678820,134,0.0
1744762679,1.13142,1.13151,0.0,0,1744762679100,134,0.0
1744762679,1.13144,1.13153,0.0,0,1744762679760,134,0.0
1744762681,1.13144,1.13153,0.0,0,1744762681060,130,0.0
1744762681,1.13146,1.13155,0.0,0,1744762681065,134,0.0
1744762681,1.13148,1.13157,0.0,0,1744762681072,134,0.0
1744762681,1.1315,1.13159,0.0,0,1744762681093,134,0.0
1744762681,1.13148,1.13157,0.0,0,1744762681157,134,0.0
1744762681,1.13146,1.13155,0.0,0,1744762681193,134,0.0
1744762683,1.13145,1.13154,0.0,0,1744762683655,134,0.0
1744762684,1.13146,1.13155,0.0,0,1744762684750,134,0.0
1744762686,1.13145,1.13154,0.0,0,1744762686593,134,0.0
1744762688,1.13144,1.13153,0.0,0,1744762688207,134,0.0
1744762689,1.13145,1.13154,0.0,0,1744762689261,134,0.0
1744762690,1.13144,1.13153,0.0,0,1744762690575,134,0.0
1744762691,1.13145,1.13154,0.0,0,1744762691791,134,0.0
1744762692,1.13142,1.13151,0.0,0,1744762692134,134,0.0
1744762692,1.13141,1.1315,0.0,0,1744762692140,134,0.0
1744762692,1.1313900000000001,1.13148,0.0,0,1744762692146,134,0.0
1744762692,1.13137,1.13146,0.0,0,1744762692148,134,0.0
1744762692,1.13136,1.13145,0.0,0,1744762692153,134,0.0
1744762692,1.13135,1.13144,0.0,0,1744762692155,134,0.0
1744762692,1.13133,1.13142,0.0,0,1744762692163,134,0.0
1744762692,1.13131,1.1314,0.0,0,1744762692167,134,0.0
1744762692,1.13129,1.13138,0.0,0,1744762692175,134,0.0
1744762692,1.13127,1.13136,0.0,0,1744762692181,134,0.0
1744762692,1.13126,1.13135,0.0,0,1744762692182,134,0.0
1744762692,1.13124,1.13133,0.0,0,1744762692185,134,0.0
1744762692,1.13128,1.13137,0.0,0,1744762692186,134,0.0
1744762692,1.13125,1.13134,0.0,0,1744762692195,134,0.0
1744762692,1.13128,1.13137,0.0,0,1744762692204,134,0.0
1744762692,1.13125,1.13134,0.0,0,1744762692214,134,0.0
1744762692,1.1312,1.13129,0.0,0,1744762692215,134,0.0
1744762692,1.13122,1.13131,0.0,0,1744762692277,134,0.0
1744762692,1.13123,1.13132,0.0,0,1744762692856,134,0.0
1744762692,1.13125,1.13134,0.0,0,1744762692951,134,0.0
1744762692,1.13127,1.13136,0.0,0,1744762692961,134,0.0
1744762692,1.13128,1.13137,0.0,0,1744762692965,134,0.0
1744762692,1.13129,1.13138,0.0,0,1744762692996,134,0.0
1744762693,1.13131,1.1314,0.0,0,1744762693053,134,0.0
1744762693,1.13133,1.13142,0.0,0,1744762693283,134,0.0
1744762693,1.13134,1.13143,0.0,0,1744762693603,134,0.0
1744762693,1.13135,1.13144,0.0,0,1744762693636,134,0.0
1744762696,1.13133,1.13142,0.0,0,1744762696163,134,0.0
1744762698,1.13134,1.13143,0.0,0,1744762698900,134,0.0
1744762700,1.13131,1.1314,0.0,0,1744762700464,134,0.0
1744762700,1.1313,1.1313900000000001,0.0,0,1744762700468,134,0.0
1744762700,1.13128,1.13137,0.0,0,1744762700471,134,0.0
1744762700,1.13126,1.13135,0.0,0,1744762700477,134,0.0
1744762700,1.13125,1.13134,0.0,0,1744762700482,134,0.0
1744762700,1.13123,1.13132,0.0,0,1744762700507,134,0.0
1744762700,1.13122,1.13131,0.0,0,1744762700632,134,0.0
1744762701,1.1312,1.13129,0.0,0,1744762701214,134,0.0
1744762703,1.13121,1.1313,0.0,0,1744762703597,134,0.0
1744762704,1.1312,1.13129,0.0,0,1744762704688,134,0.0
1744762705,1.13121,1.1313,0.0,0,1744762705430,134,0.0
1744762707,1.13119,1.13128,0.0,0,1744762707070,134,0.0
1744762708,1.13118,1.13127,0.0,0,1744762708170,134,0.0
1744762708,1.13116,1.13125,0.0,0,1744762708192,134,0.0
1744762708,1.1311499999999999,1.13124,0.0,0,1744762708224,134,0.0
1744762708,1.13113,1.13122,0.0,0,1744762708274,134,0.0
1744762708,1.13116,1.13125,0.0,0,1744762708348,134,0.0
1744762708,1.13118,1.13127,0.0,0,1744762708415,134,0.0
1744762708,1.1312,1.13129,0.0,0,1744762708832,134,0.0
1744762708,1.13122,1.13131,0.0,0,1744762708838,134,0.0
1744762708,1.13123,1.13132,0.0,0,1744762708844,134,0.0
1744762708,1.13124,1.13133,0.0,0,1744762708850,134,0.0
1744762708,1.13127,1.13136,0.0,0,1744762708866,134,0.0
1744762708,1.13128,1.13137,0.0,0,1744762708921,134,0.0
1744762709,1.1313,1.1313900000000001,0.0,0,1744762709598,134,0.0
1744762709,1.13132,1.13141,0.0,0,1744762709613,134,0.0
1744762710,1.13129,1.13138,0.0,0,1744762710836,134,0.0
1744762712,1.13127,1.13136,0.0,0,1744762712665,134,0.0
1744762712,1.13125,1.13134,0.0,0,1744762712680,134,0.0
1744762712,1.13123,1.13132,0.0,0,1744762712710,134,0.0
1744762712,1.13122,1.13131,0.0,0,1744762712714,134,0.0
1744762712,1.1312,1.13129,0.0,0,1744762712741,134,0.0
1744762712,1.13119,1.13128,0.0,0,1744762712756,134,0.0
1744762713,1.1312,1.13129,0.0,0,1744762713864,134,0.0
1744762714,1.13118,1.13127,0.0,0,1744762714644,134,0.0
1744762714,1.13116,1.13125,0.0,0,1744762714654,134,0.0
1744762714,1.1311499999999999,1.13124,0.0,0,1744762714665,134,0.0
1744762714,1.13113,1.13122,0.0,0,1744762714672,134,0.0
1744762714,1.13112,1.13121,0.0,0,1744762714711,134,0.0
1744762715,1.13113,1.13122,0.0,0,1744762715740,134,0.0
1744762715,1.1311,1.13119,0.0,0,1744762715836,134,0.0
1744762715,1.13109,1.13118,0.0,0,1744762715839,134,0.0
1744762715,1.13107,1.13116,0.0,0,1744762715843,134,0.0
1744762715,1.1311,1.13119,0.0,0,1744762715881,134,0.0
1744762716,1.13112,1.13121,0.0,0,1744762716830,134,0.0
1744762716,1.13114,1.13123,0.0,0,1744762716846,134,0.0
1744762716,1.13111,1.1312,0.0,0,1744762716997,134,0.0
1744762717,1.13109,1.13118,0.0,0,1744762717422,134,0.0
1744762717,1.13108,1.13117,0.0,0,1744762717544,134,0.0
1744762717,1.13106,1.1311499999999999,0.0,0,1744762717564,134,0.0
1744762717,1.13105,1.13114,0.0,0,1744762717572,134,0.0
1744762717,1.13103,1.13112,0.0,0,1744762717806,134,0.0
1744762718,1.13106,1.1311499999999999,0.0,0,1744762718572,134,0.0
1744762720,1.13105,1.13114,0.0,0,1744762720584,134,0.0
1744762721,1.13106,1.1311499999999999,0.0,0,1744762721644,134,0.0
1744762722,1.13104,1.13113,0.0,0,1744762722705,134,0.0
1744762722,1.13107,1.13116,0.0,0,1744762722884,134,0.0
1744762722,1.13109,1.13118,0.0,0,1744762722898,134,0.0
1744762723,1.13111,1.1312,0.0,0,1744762723125,134,0.0
1744762725,1.1311,1.13119,0.0,0,1744762725545,134,0.0
1744762725,1.13107,1.13116,0.0,0,1744762725561,134,0.0
1744762725,1.13105,1.13114,0.0,0,1744762725570,134,0.0
1744762725,1.13104,1.13113,0.0,0,1744762725594,134,0.0
1744762725,1.13102,1.13111,0.0,0,1744762725939,134,0.0
1744762727,1.13103,1.13112,0.0,0,1744762727365,134,0.0
1744762727,1.13105,1.13114,0.0,0,1744762727651,134,0.0
1744762727,1.13107,1.13116,0.0,0,1744762727661,134,0.0
1744762727,1.13104,1.13113,0.0,0,1744762727787,134,0.0
1744762727,1.13102,1.13111,0.0,0,1744762727788,134,0.0
1744762727,1.131,1.13109,0.0,0,1744762727790,134,0.0
1744762727,1.13098,1.13107,0.0,0,1744762727793,134,0.0
1744762727,1.13097,1.13106,0.0,0,1744762727806,134,0.0
1744762727,1.13095,1.13104,0.0,0,1744762727814,134,0.0
1744762727,1.13094,1.13103,0.0,0,1744762727831,134,0.0
1744762727,1.13092,1.13101,0.0,0,1744762727869,134,0.0
1744762727,1.13091,1.131,0.0,0,1744762727914,134,0.0
1744762728,1.13094,1.13103,0.0,0,1744762728859,134,0.0
1744762729,1.13096,1.13105,0.0,0,1744762729190,134,0.0
1744762730,1.13094,1.13103,0.0,0,1744762730837,134,0.0
1744762732,1.13095,1.13104,0.0,0,1744762732082,134,0.0
1744762733,1.13094,1.13103,0.0,0,1744762733292,134,0.0
1744762735,1.13095,1.13104,0.0,0,1744762735416,134,0.0
1744762736,1.13097,1.13106,0.0,0,1744762736107,134,0.0
1744762736,1.13099,1.13108,0.0,0,1744762736176,134,0.0
1744762737,1.131,1.13109,0.0,0,1744762737358,134,0.0
1744762737,1.13102,1.13111,0.0,0,1744762737563,134,0.0
1744762737,1.13103,1.13112,0.0,0,1744762737569,134,0.0
1744762737,1.13105,1.13114,0.0,0,1744762737642,134,0.0
1744762738,1.13106,1.1311499999999999,0.0,0,1744762738555,134,0.0
1744762738,1.13107,1.13116,0.0,0,1744762738628,134,0.0
1744762738,1.13108,1.13117,0.0,0,1744762738634,134,0.0
1744762738,1.1311,1.13119,0.0,0,1744762738657,134,0.0
1744762738,1.13112,1.13121,0.0,0,1744762738684,134,0.0
1744762739,1.13111,1.1312,0.0,0,1744762739747,134,0.0
1744762740,1.13111,1.1312,0.0,0,1744762740769,130,0.0
1744762742,1.13112,1.13121,0.0,0,1744762742114,134,0.0
1744762744,1.13113,1.13122,0.0,0,1744762744476,134,0.0
1744762746,1.13112,1.13121,0.0,0,1744762746455,134,0.0
1744762748,1.1311,1.13119,0.0,0,1744762748235,134,0.0
1744762748,1.13108,1.13117,0.0,0,1744762748243,134,0.0
1744762748,1.13111,1.1312,0.0,0,1744762748299,134,0.0
1744762749,1.1311,1.13119,0.0,0,1744762749301,134,0.0
1744762750,1.13112,1.13121,0.0,0,1744762750100,134,0.0
1744762750,1.13114,1.13123,0.0,0,1744762750150,134,0.0
1744762751,1.13113,1.13122,0.0,0,1744762751509,134,0.0
1744762752,1.1311499999999999,1.13124,0.0,0,1744762752687,134,0.0
1744762752,1.13117,1.13126,0.0,0,1744762752690,134,0.0
1744762752,1.13118,1.13127,0.0,0,1744762752702,134,0.0
1744762755,1.13116,1.13125,0.0,0,1744762755090,134,0.0
1744762756,1.1311499999999999,1.13124,0.0,0,1744762756412,134,0.0
1744762757,1.13116,1.13125,0.0,0,1744762757490,134,0.0
1744762759,1.13117,1.13126,0.0,0,1744762759906,134,0.0
1744762759,1.13119,1.13128,0.0,0,1744762759924,134,0.0
1744762759,1.13121,1.1313,0.0,0,1744762759931,134,0.0
1744762760,1.13122,1.13131,0.0,0,1744762760052,134,0.0
1744762761,1.1312,1.13129,0.0,0,1744762761504,134,0.0
1744762761,1.13122,1.13131,0.0,0,1744762761800,134,0.0
1744762761,1.13124,1.13133,0.0,0,1744762761805,134,0.0
1744762761,1.13126,1.13135,0.0,0,1744762761820,134,0.0
1744762761,1.13127,1.13136,0.0,0,1744762761896,134,0.0
1744762763,1.13129,1.13138,0.0,0,1744762763316,134,0.0
1744762763,1.1313,1.1313900000000001,0.0,0,1744762763344,134,0.0
1744762763,1.13132,1.13141,0.0,0,1744762763421,134,0.0
1744762764,1.13133,1.13142,0.0,0,1744762764424,134,0.0
1744762764,1.13134,1.13143,0.0,0,1744762764534,134,0.0
1744762764,1.13135,1.13144,0.0,0,1744762764539,134,0.0
1744762764,1.13137,1.13146,0.0,0,1744762764574,134,0.0
1744762764,1.13134,1.13143,0.0,0,1744762764693,134,0.0
1744762765,1.13131,1.1314,0.0,0,1744762765030,134,0.0
1744762766,1.13132,1.13141,0.0,0,1744762766698,134,0.0
1744762766,1.13135,1.13144,0.0,0,1744762766860,134,0.0
1744762766,1.13136,1.13145,0.0,0,1744762766865,134,0.0
1744762766,1.13138,1.13147,0.0,0,1744762766905,134,0.0
1744762767,1.1313900000000001,1.13148,0.0,0,1744762767810,134,0.0
1744762767,1.1314,1.1314899999999999,0.0,0,1744762767921,134,0.0
1744762768,1.13142,1.13151,0.0,0,1744762768585,134,0.0
1744762769,1.1313900000000001,1.13148,0.0,0,1744762769179,134,0.0
1744762769,1.13137,1.13146,0.0,0,1744762769185,134,0.0
1744762770,1.13138,1.13147,0.0,0,1744762770502,134,0.0
1744762772,1.13136,1.13145,0.0,0,1744762772371,134,0.0
1744762773,1.13135,1.13144,0.0,0,1744762773454,134,0.0
1744762773,1.13133,1.13142,0.0,0,1744762773914,134,0.0
1744762773,1.13132,1.13141,0.0,0,1744762773931,134,0.0
1744762774,1.1313,1.1313900000000001,0.0,0,1744762774107,134,0.0
1744762774,1.13133,1.13142,0.0,0,1744762774526,134,0.0
1744762774,1.13135,1.13144,0.0,0,1744762774949,134,0.0
1744762774,1.13137,1.13146,0.0,0,1744762774976,134,0.0
1744762775,1.13138,1.13147,0.0,0,1744762775036,134,0.0
1744762776,1.1314,1.1314899999999999,0.0,0,1744762776210,134,0.0
1744762777,1.1313900000000001,1.13148,0.0,0,1744762777216,134,0.0
1744762780,1.13137,1.13146,0.0,0,1744762780508,134,0.0
1744762781,1.13135,1.13144,0.0,0,1744762781574,134,0.0
1744762782,1.13137,1.13146,0.0,0,1744762782574,134,0.0
1744762783,1.1313900000000001,1.13148,0.0,0,1744762783469,134,0.0
1744762783,1.1314,1.1314899999999999,0.0,0,1744762783903,134,0.0
1744762786,1.1313900000000001,1.13148,0.0,0,1744762786148,134,0.0
1744762787,1.13138,1.13147,0.0,0,1744762787197,134,0.0
1744762788,1.13136,1.13145,0.0,0,1744762788643,134,0.0
1744762788,1.13134,1.13143,0.0,0,1744762788683,134,0.0
1744762788,1.13137,1.13146,0.0,0,1744762788809,134,0.0
1744762788,1.1313900000000001,1.13148,0.0,0,1744762788816,134,0.0
1744762788,1.13141,1.1315,0.0,0,1744762788838,134,0.0
1744762790,1.13142,1.13151,0.0,0,1744762790408,134,0.0
1744762791,1.13141,1.1315,0.0,0,1744762791422,134,0.0
1744762792,1.1314,1.1314899999999999,0.0,0,1744762792440,134,0.0
1744762797,1.13141,1.1315,0.0,0,1744762797498,134,0.0
1744762797,1.1313900000000001,1.13148,0.0,0,1744762797522,134,0.0
1744762799,1.13142,1.13151,0.0,0,1744762799624,134,0.0
1744762800,1.13142,1.13151,0.0,0,1744762800650,130,0.0
1744762801,1.13144,1.13153,0.0,0,1744762801442,134,0.0
1744762801,1.13146,1.13155,0.0,0,1744762801448,134,0.0
1744762801,1.1314899999999999,1.13158,0.0,0,1744762801453,134,0.0
1744762801,1.1315,1.13159,0.0,0,1744762801456,134,0.0
1744762801,1.13152,1.13161,0.0,0,1744762801822,134,0.0
1744762804,1.13151,1.1316,0.0,0,1744762804663,134,0.0
1744762807,1.1315,1.13159,0.0,0,1744762807937,134,0.0
1744762809,1.13151,1.1316,0.0,0,1744762809138,134,0.0
1744762810,1.1315,1.13159,0.0,0,1744762810435,134,0.0
1744762812,1.13151,1.1316,0.0,0,1744762812638,134,0.0
1744762812,1.1314899999999999,1.13158,0.0,0,1744762812785,134,0.0
1744762813,1.13147,1.13156,0.0,0,1744762813538,134,0.0
1744762816,1.13146,1.13155,0.0,0,1744762816199,134,0.0
1744762816,1.1314899999999999,1.13158,0.0,0,1744762816305,134,0.0
1744762816,1.1315,1.13159,0.0,0,1744762816320,134,0.0
1744762816,1.13152,1.13161,0.0,0,1744762816910,134,0.0
1744762817,1.13153,1.13162,0.0,0,1744762817609,134,0.0
1744762818,1.13152,1.13161,0.0,0,1744762818629,134,0.0
1744762819,1.1314899999999999,1.13158,0.0,0,1744762819569,134,0.0
1744762819,1.13153,1.13162,0.0,0,1744762819657,134,0.0
1744762819,1.13154,1.13163,0.0,0,1744762819661,134,0.0
1744762819,1.13156,1.13165,0.0,0,1744762819665,134,0.0
1744762819,1.13158,1.13167,0.0,0,1744762819673,134,0.0
1744762819,1.13159,1.13168,0.0,0,1744762819700,134,0.0
1744762820,1.13158,1.13167,0.0,0,1744762820813,134,0.0
1744762821,1.1316,1.13169,0.0,0,1744762821701,134,0.0
1744762823,1.13161,1.1317,0.0,0,1744762823394,134,0.0
1744762823,1.13163,1.13172,0.0,0,1744762823908,134,0.0
1744762823,1.13165,1.13174,0.0,0,1744762823913,134,0.0
1744762823,1.13166,1.13175,0.0,0,1744762823930,134,0.0
1744762824,1.13168,1.13177,0.0,0,1744762824115,134,0.0
1744762825,1.13167,1.1317599999999999,0.0,0,1744762825817,134,0.0
1744762825,1.13164,1.1317300000000001,0.0,0,1744762825831,134,0.0
1744762825,1.13162,1.13171,0.0,0,1744762825834,134,0.0
1744762825,1.13161,1.1317,0.0,0,1744762825860,134,0.0
1744762828,1.13159,1.13168,0.0,0,1744762828199,134,0.0
1744762829,1.1316,1.13169,0.0,0,1744762829204,134,0.0
1744762830,1.13161,1.1317,0.0,0,1744762830329,134,0.0
1744762831,1.13164,1.1317300000000001,0.0,0,1744762831526,134,0.0
1744762831,1.13166,1.13175,0.0,0,1744762831550,134,0.0
1744762832,1.13165,1.13174,0.0,0,1744762832948,134,0.0
1744762835,1.13164,1.1317300000000001,0.0,0,1744762835472,134,0.0
1744762836,1.13165,1.13174,0.0,0,1744762836501,134,0.0
1744762836,1.13162,1.13171,0.0,0,1744762836643,134,0.0
1744762836,1.1316,1.13169,0.0,0,1744762836673,134,0.0
1744762836,1.13159,1.13168,0.0,0,1744762836737,134,0.0
1744762837,1.13157,1.13166,0.0,0,1744762837070,134,0.0
1744762837,1.13155,1.13164,0.0,0,1744762837094,134,0.0
1744762838,1.13156,1.13165,0.0,0,1744762838238,134,0.0
1744762839,1.13155,1.13164,0.0,0,1744762839369,134,0.0
1744762839,1.13154,1.13163,0.0,0,1744762839384,134,0.0
1744762839,1.13152,1.13161,0.0,0,1744762839395,134,0.0
1744762840,1.13151,1.1316,0.0,0,1744762840257,134,0.0
1744762841,1.13153,1.13162,0.0,0,1744762841279,134,0.0
1744762841,1.13155,1.13164,0.0,0,1744762841299,134,0.0
1744762841,1.13157,1.13166,0.0,0,1744762841304,134,0.0
1744762842,1.13156,1.13165,0.0,0,1744762842419,134,0.0
1744762843,1.13157,1.13166,0.0,0,1744762843298,134,0.0
1744762844,1.13158,1.13167,0.0,0,1744762844447,134,0.0
1744762844,1.13155,1.13164,0.0,0,1744762844578,134,0.0
1744762845,1.13154,1.13163,0.0,0,1744762845624,134,0.0
1744762846,1.13157,1.13166,0.0,0,1744762846060,134,0.0
1744762846,1.13159,1.13168,0.0,0,1744762846145,134,0.0
1744762846,1.1316,1.13169,0.0,0,1744762846377,134,0.0
1744762846,1.13162,1.13171,0.0,0,1744762846894,134,0.0
1744762847,1.1316,1.13169,0.0,0,1744762847971,134,0.0
1744762850,1.13159,1.13168,0.0,0,1744762850157,134,0.0
1744762850,1.13157,1.13166,0.0,0,1744762850866,134,0.0
1744762850,1.13155,1.13164,0.0,0,1744762850881,134,0.0
1744762851,1.13158,1.13167,0.0,0,1744762851531,134,0.0
1744762854,1.13157,1.13166,0.0,0,1744762854097,134,0.0
1744762855,1.13158,1.13167,0.0,0,1744762855118,134,0.0
1744762855,1.1316,1.13169,0.0,0,1744762855602,134,0.0
1744762855,1.13162,1.13171,0.0,0,1744762855704,134,0.0
1744762856,1.1316,1.13169,0.0,0,1744762856980,134,0.0
1744762857,1.13158,1.13167,0.0,0,1744762857007,134,0.0
1744762857,1.13156,1.13165,0.0,0,1744762857031,134,0.0
1744762857,1.13158,1.13167,0.0,0,1744762857800,134,0.0
1744762860,1.13156,1.13165,0.0,0,1744762860391,134,0.0
1744762860,1.13154,1.13163,0.0,0,1744762860395,134,0.0
1744762860,1.13152,1.13161,0.0,0,1744762860401,134,0.0
1744762860,1.13151,1.1316,0.0,0,1744762860402,134,0.0
1744762860,1.1314899999999999,1.13158,0.0,0,1744762860407,134,0.0
1744762860,1.13148,1.13157,0.0,0,1744762860415,134,0.0
1744762860,1.13146,1.13155,0.0,0,1744762860426,134,0.0
1744762860,1.1314899999999999,1.13158,0.0,0,1744762860558,134,0.0
1744762860,1.13147,1.13156,0.0,0,1744762860624,134,0.0
1744762860,1.13145,1.13154,0.0,0,1744762860777,134,0.0
1744762861,1.13147,1.13156,0.0,0,1744762861798,134,0.0
1744762862,1.1314899999999999,1.13158,0.0,0,1744762862354,134,0.0
1744762863,1.1315,1.13159,0.0,0,1744762863448,134,0.0
1744762866,1.13148,1.13157,0.0,0,1744762866797,134,0.0
1744762867,1.13147,1.13156,0.0,0,1744762867853,134,0.0
1744762868,1.13146,1.13155,0.0,0,1744762868852,134,0.0
1744762870,1.13147,1.13156,0.0,0,1744762870745,134,0.0
1744762874,1.13148,1.13157,0.0,0,1744762874678,134,0.0
1744762875,1.13147,1.13156,0.0,0,1744762875984,134,0.0
1744762877,1.13148,1.13157,0.0,0,1744762877388,134,0.0
1744762878,1.13147,1.13156,0.0,0,1744762878419,134,0.0
1744762879,1.13146,1.13155,0.0,0,1744762879450,134,0.0
1744762881,1.13147,1.13156,0.0,0,1744762881551,134,0.0
1744762882,1.13146,1.13155,0.0,0,1744762882910,134,0.0
1744762885,1.13144,1.13153,0.0,0,1744762885019,134,0.0
1744762885,1.13143,1.13152,0.0,0,1744762885027,134,0.0
1744762885,1.13141,1.1315,0.0,0,1744762885031,134,0.0
1744762885,1.1313900000000001,1.13148,0.0,0,1744762885038,134,0.0
1744762885,1.13138,1.13147,0.0,0,1744762885063,134,0.0
1744762885,1.13137,1.13146,0.0,0,1744762885104,134,0.0
1744762885,1.13135,1.13144,0.0,0,1744762885133,134,0.0
1744762885,1.13134,1.13143,0.0,0,1744762885279,134,0.0
1744762886,1.13137,1.13146,0.0,0,1744762886300,134,0.0
1744762886,1.1313900000000001,1.13148,0.0,0,1744762886306,134,0.0
1744762886,1.1314,1.1314899999999999,0.0,0,1744762886374,134,0.0
1744762886,1.13142,1.13151,0.0,0,1744762886427,134,0.0
1744762886,1.13143,1.13152,0.0,0,1744762886662,134,0.0
1744762886,1.13145,1.13154,0.0,0,1744762886671,134,0.0
1744762887,1.13143,1.13152,0.0,0,1744762887921,134,0.0
1744762889,1.13141,1.1315,0.0,0,1744762889132,134,0.0
1744762891,1.1314,1.1314899999999999,0.0,0,1744762891659,134,0.0
1744762892,1.13141,1.1315,0.0,0,1744762892750,134,0.0
1744762895,1.13143,1.13152,0.0,0,1744762895468,134,0.0
1744762895,1.13145,1.13154,0.0,0,1744762895500,134,0.0
1744762896,1.13146,1.13155,0.0,0,1744762896766,134,0.0
1744762897,1.13145,1.13154,0.0,0,1744762897782,134,0.0
1744762898,1.13147,1.13156,0.0,0,1744762898816,134,0.0
1744762900,1.13144,1.13153,0.0,0,1744762900293,134,0.0
1744762900,1.13142,1.13151,0.0,0,1744762900478,134,0.0
1744762900,1.1314,1.1314899999999999,0.0,0,1744762900529,134,0.0
1744762902,1.13143,1.13152,0.0,0,1744762902233,134,0.0
1744762903,1.13145,1.13154,0.0,0,1744762903016,134,0.0
1744762903,1.13146,1.13155,0.0,0,1744762903072,134,0.0
1744762903,1.13143,1.13152,0.0,0,1744762903098,134,0.0
1744762903,1.13141,1.1315,0.0,0,1744762903113,134,0.0
1744762903,1.1314,1.1314899999999999,0.0,0,1744762903133,134,0.0
1744762906,1.13141,1.1315,0.0,0,1744762906429,134,0.0
1744762907,1.1313900000000001,1.13148,0.0,0,1744762907090,134,0.0
1744762907,1.13137,1.13146,0.0,0,1744762907129,134,0.0
1744762907,1.1313900000000001,1.13148,0.0,0,1744762907328,134,0.0
1744762908,1.13138,1.13147,0.0,0,1744762908035,134,0.0
1744762908,1.13135,1.13144,0.0,0,1744762908044,134,0.0
1744762908,1.13134,1.13143,0.0,0,1744762908051,134,0.0
1744762909,1.13136,1.13145,0.0,0,1744762909403,134,0.0
1744762910,1.13138,1.13147,0.0,0,1744762910368,134,0.0
1744762911,1.13136,1.13145,0.0,0,1744762911452,134,0.0
1744762912,1.13134,1.13143,0.0,0,1744762912438,134,0.0
1744762913,1.13133,1.13142,0.0,0,1744762913899,134,0.0
1744762914,1.13131,1.1314,0.0,0,1744762914118,134,0.0
1744762914,1.1313,1.1313900000000001,0.0,0,1744762914346,134,0.0
1744762914,1.13128,1.13137,0.0,0,1744762914617,134,0.0
1744762914,1.13131,1.1314,0.0,0,1744762914904,134,0.0
1744762915,1.13133,1.13142,0.0,0,1744762915039,134,0.0
1744762915,1.13135,1.13144,0.0,0,1744762915596,134,0.0
1744762916,1.13134,1.13143,0.0,0,1744762916966,134,0.0
1744762918,1.13131,1.1314,0.0,0,1744762918689,134,0.0
1744762918,1.13129,1.13138,0.0,0,1744762918768,134,0.0
1744762919,1.13132,1.13141,0.0,0,1744762919037,134,0.0
1744762919,1.13134,1.13143,0.0,0,1744762919105,134,0.0
1744762920,1.13134,1.13143,0.0,0,1744762920394,130,0.0
1744762922,1.13132,1.13141,0.0,0,1744762922032,134,0.0
1744762923,1.13134,1.13143,0.0,0,1744762923070,134,0.0
1744762923,1.13136,1.13145,0.0,0,1744762923336,134,0.0
1744762923,1.13138,1.13147,0.0,0,1744762923339,134,0.0
1744762923,1.1313900000000001,1.13148,0.0,0,1744762923344,134,0.0
1744762923,1.1314,1.1314899999999999,0.0,0,1744762923351,134,0.0
1744762923,1.13142,1.13151,0.0,0,1744762923378,134,0.0
1744762923,1.13144,1.13153,0.0,0,1744762923406,134,0.0
1744762923,1.13145,1.13154,0.0,0,1744762923420,134,0.0
1744762923,1.13146,1.13155,0.0,0,1744762923481,134,0.0
1744762924,1.13147,1.13156,0.0,0,1744762924512,134,0.0
1744762926,1.13146,1.13155,0.0,0,1744762926699,134,0.0
1744762927,1.13144,1.13153,0.0,0,1744762927535,134,0.0
1744762927,1.13147,1.13156,0.0,0,1744762927793,134,0.0
1744762928,1.13148,1.13157,0.0,0,1744762928573,134,0.0
1744762929,1.13147,1.13156,0.0,0,1744762929744,134,0.0
1744762930,1.1314899999999999,1.13158,0.0,0,1744762930209,134,0.0
1744762930,1.13151,1.1316,0.0,0,1744762930222,134,0.0
1744762930,1.13152,1.13161,0.0,0,1744762930241,134,0.0
1744762930,1.13154,1.13163,0.0,0,1744762930303,134,0.0
1744762930,1.13155,1.13164,0.0,0,1744762930510,134,0.0
1744762931,1.13152,1.13161,0.0,0,1744762931764,134,0.0
1744762933,1.1315,1.13159,0.0,0,1744762933504,134,0.0
1744762935,1.13151,1.1316,0.0,0,1744762935345,134,0.0
1744762936,1.1315,1.13159,0.0,0,1744762936608,134,0.0
1744762937,1.13148,1.13157,0.0,0,1744762937402,134,0.0
1744762939,1.1314899999999999,1.13158,0.0,0,1744762939779,134,0.0
1744762944,1.13151,1.1316,0.0,0,1744762944094,134,0.0
1744762944,1.13153,1.13162,0.0,0,1744762944200,134,0.0
1744762944,1.13155,1.13164,0.0,0,1744762944593,134,0.0
1744762946,1.13156,1.13165,0.0,0,1744762946262,134,0.0
1744762949,1.13155,1.13164,0.0,0,1744762949209,134,0.0
1744762950,1.13152,1.13161,0.0,0,1744762950414,134,0.0
1744762950,1.13151,1.1316,0.0,0,1744762950563,134,0.0
1744762952,1.1315,1.13159,0.0,0,1744762952054,134,0.0
1744762952,1.13153,1.13162,0.0,0,1744762952919,134,0.0
1744762953,1.13155,1.13164,0.0,0,1744762953907,134,0.0
1744762953,1.13157,1.13166,0.0,0,1744762953940,134,0.0
1744762956,1.13156,1.13165,0.0,0,1744762956366,134,0.0
1744762957,1.13157,1.13166,0.0,0,1744762957413,134,0.0
1744762958,1.1316,1.13169,0.0,0,1744762958054,134,0.0
1744762958,1.13157,1.13166,0.0,0,1744762958113,134,0.0
1744762958,1.13154,1.13163,0.0,0,1744762958151,134,0.0
1744762958,1.13153,1.13162,0.0,0,1744762958167,134,0.0
1744762959,1.13152,1.13161,0.0,0,1744762959382,134,0.0
1744762960,1.13154,1.13163,0.0,0,1744762960401,134,0.0
1744762961,1.13153,1.13162,0.0,0,1744762961406,134,0.0
1744762963,1.13154,1.13163,0.0,0,1744762963112,134,0.0
1744762965,1.13157,1.13166,0.0,0,1744762965934,134,0.0
1744762965,1.13158,1.13167,0.0,0,1744762965945,134,0.0
1744762965,1.1316,1.13169,0.0,0,1744762965984,134,0.0
1744762967,1.13161,1.1317,0.0,0,1744762967971,134,0.0
1744762970,1.1316,1.13169,0.0,0,1744762970255,134,0.0
1744762973,1.13158,1.13167,0.0,0,1744762973429,134,0.0
1744762974,1.13159,1.13168,0.0,0,1744762974527,134,0.0
1744762974,1.13157,1.13166,0.0,0,1744762974634,134,0.0
1744762975,1.13159,1.13168,0.0,0,1744762975661,134,0.0
1744762976,1.1316,1.13169,0.0,0,1744762976716,134,0.0
1744762977,1.13157,1.13166,0.0,0,1744762977879,134,0.0
1744762979,1.13158,1.13167,0.0,0,1744762979158,134,0.0
1744762980,1.13158,1.13167,0.0,0,1744762980403,130,0.0
1744762981,1.13159,1.13168,0.0,0,1744762981524,134,0.0
1744762987,1.13161,1.1317,0.0,0,1744762987161,134,0.0
1744762987,1.13163,1.13172,0.0,0,1744762987174,134,0.0
1744762987,1.13164,1.1317300000000001,0.0,0,1744762987194,134,0.0
1744762987,1.13161,1.1317,0.0,0,1744762987374,134,0.0
1744762987,1.13159,1.13168,0.0,0,1744762987397,134,0.0
1744762988,1.13158,1.13167,0.0,0,1744762988434,134,0.0
1744762988,1.13157,1.13166,0.0,0,1744762988804,134,0.0
1744762988,1.13155,1.13164,0.0,0,1744762988843,134,0.0
1744762989,1.13157,1.13166,0.0,0,1744762989319,134,0.0
1744762989,1.13158,1.13167,0.0,0,1744762989355,134,0.0
1744762990,1.13157,1.13166,0.0,0,1744762990562,134,0.0
1744762991,1.13159,1.13168,0.0,0,1744762991737,134,0.0
1744762994,1.13161,1.1317,0.0,0,1744762994868,134,0.0
1744762994,1.13163,1.13172,0.0,0,1744762994876,134,0.0
1744762995,1.13159,1.13168,0.0,0,1744762995117,134,0.0
1744762995,1.13157,1.13166,0.0,0,1744762995125,134,0.0
1744762995,1.13156,1.13165,0.0,0,1744762995130,134,0.0
1744762995,1.13154,1.13163,0.0,0,1744762995144,134,0.0
1744762995,1.13152,1.13161,0.0,0,1744762995169,134,0.0
1744762995,1.13151,1.1316,0.0,0,1744762995204,134,0.0
1744762996,1.13154,1.13163,0.0,0,1744762996887,134,0.0
1744762997,1.13152,1.13161,0.0,0,1744762997528,134,0.0
1744762998,1.1315,1.13159,0.0,0,1744762998175,134,0.0
1744762998,1.1314899999999999,1.13158,0.0,0,1744762998690,134,0.0
1744763002,1.1315,1.13159,0.0,0,1744763002114,134,0.0
1744763003,1.13153,1.13162,0.0,0,1744763003198,134,0.0
1744763003,1.13155,1.13164,0.0,0,1744763003806,134,0.0
1744763004,1.13157,1.13166,0.0,0,1744763004099,134,0.0
1744763005,1.13156,1.13165,0.0,0,1744763005113,134,0.0
1744763006,1.13155,1.13164,0.0,0,1744763006450,134,0.0
1744763006,1.13157,1.13166,0.0,0,1744763006808,134,0.0
1744763007,1.13155,1.13164,0.0,0,1744763007604,134,0.0
1744763009,1.13156,1.13165,0.0,0,1744763009325,134,0.0
1744763009,1.13154,1.13163,0.0,0,1744763009532,134,0.0
1744763009,1.13152,1.13161,0.0,0,1744763009635,134,0.0
1744763010,1.1315,1.13159,0.0,0,1744763010354,134,0.0
1744763010,1.1314899999999999,1.13158,0.0,0,1744763010366,134,0.0
1744763010,1.13147,1.13156,0.0,0,1744763010375,134,0.0
1744763010,1.13145,1.13154,0.0,0,1744763010398,134,0.0
1744763010,1.13144,1.13153,0.0,0,1744763010419,134,0.0
1744763010,1.13147,1.13156,0.0,0,1744763010650,134,0.0
1744763010,1.1314899999999999,1.13158,0.0,0,1744763010962,134,0.0
1744763012,1.13148,1.13157,0.0,0,1744763012138,134,0.0
1744763013,1.1315,1.13159,0.0,0,1744763013033,134,0.0
1744763013,1.13147,1.13156,0.0,0,1744763013082,134,0.0
1744763013,1.13145,1.13154,0.0,0,1744763013113,134,0.0
1744763013,1.13143,1.13152,0.0,0,1744763013358,134,0.0
1744763014,1.13144,1.13153,0.0,0,1744763014358,134,0.0
1744763015,1.13142,1.13151,0.0,0,1744763015336,134,0.0
1744763015,1.13144,1.13153,0.0,0,1744763015514,134,0.0
1744763017,1.13146,1.13155,0.0,0,1744763017176,134,0.0
1744763017,1.13148,1.13157,0.0,0,1744763017212,134,0.0
1744763018,1.13146,1.13155,0.0,0,1744763018583,134,0.0
1744763019,1.13147,1.13156,0.0,0,1744763019597,134,0.0
1744763019,1.13145,1.13154,0.0,0,1744763019946,134,0.0
1744763020,1.13147,1.13156,0.0,0,1744763020302,134,0.0
1744763020,1.13145,1.13154,0.0,0,1744763020362,134,0.0
1744763021,1.13144,1.13153,0.0,0,1744763021596,134,0.0
1744763021,1.13142,1.13151,0.0,0,1744763021636,134,0.0
1744763021,1.13141,1.1315,0.0,0,1744763021698,134,0.0
1744763021,1.1313900000000001,1.13148,0.0,0,1744763021715,134,0.0
1744763021,1.13138,1.13147,0.0,0,1744763021722,134,0.0
1744763021,1.13136,1.13145,0.0,0,1744763021919,134,0.0
1744763021,1.1313900000000001,1.13148,0.0,0,1744763021951,134,0.0
1744763023,1.13141,1.1315,0.0,0,1744763023208,134,0.0
1744763023,1.13138,1.13147,0.0,0,1744763023249,134,0.0
1744763023,1.13136,1.13145,0.0,0,1744763023283,134,0.0
1744763023,1.13134,1.13143,0.0,0,1744763023293,134,0.0
1744763024,1.13133,1.13142,0.0,0,1744763024190,134,0.0
1744763025,1.13135,1.13144,0.0,0,1744763025205,134,0.0
1744763026,1.13137,1.13146,0.0,0,1744763026607,134,0.0
1744763026,1.1313900000000001,1.13148,0.0,0,1744763026609,134,0.0
1744763028,1.13138,1.13147,0.0,0,1744763028985,134,0.0
1744763031,1.1313900000000001,1.13148,0.0,0,1744763031298,134,0.0
1744763031,1.13137,1.13146,0.0,0,1744763031394,134,0.0
1744763031,1.13135,1.13144,0.0,0,1744763031406,134,0.0
1744763031,1.13133,1.13142,0.0,0,1744763031445,134,0.0
1744763032,1.13132,1.13141,0.0,0,1744763032405,134,0.0
1744763032,1.13134,1.13143,0.0,0,1744763032445,134,0.0
1744763032,1.13136,1.13145,0.0,0,1744763032449,134,0.0
1744763032,1.13133,1.13142,0.0,0,1744763032525,134,0.0
1744763032,1.13131,1.1314,0.0,0,1744763032538,134,0.0
1744763032,1.1313,1.1313900000000001,0.0,0,1744763032580,134,0.0
1744763032,1.13128,1.13137,0.0,0,1744763032603,134,0.0
1744763033,1.13127,1.13136,0.0,0,1744763033573,134,0.0
1744763035,1.13126,1.13135,0.0,0,1744763035109,134,0.0
1744763035,1.13125,1.13134,0.0,0,1744763035886,134,0.0
1744763036,1.13123,1.13132,0.0,0,1744763036160,134,0.0
1744763036,1.13126,1.13135,0.0,0,1744763036204,134,0.0
1744763037,1.13128,1.13137,0.0,0,1744763037220,134,0.0
1744763040,1.13129,1.13138,0.0,0,1744763040457,134,0.0
1744763041,1.13131,1.1314,0.0,0,1744763041147,134,0.0
1744763042,1.13129,1.13138,0.0,0,1744763042373,134,0.0
1744763044,1.13131,1.1314,0.0,0,1744763044546,134,0.0
1744763044,1.13133,1.13142,0.0,0,1744763044658,134,0.0
1744763045,1.13131,1.1314,0.0,0,1744763045032,134,0.0
1744763045,1.13129,1.13138,0.0,0,1744763045035,134,0.0
1744763045,1.13127,1.13136,0.0,0,1744763045045,134,0.0
1744763045,1.13126,1.13135,0.0,0,1744763045046,134,0.0
1744763045,1.13124,1.13133,0.0,0,1744763045052,134,0.0
1744763045,1.13123,1.13132,0.0,0,1744763045061,134,0.0
1744763045,1.13121,1.1313,0.0,0,1744763045074,134,0.0
1744763045,1.13119,1.13128,0.0,0,1744763045103,134,0.0
1744763045,1.13121,1.1313,0.0,0,1744763045180,134,0.0
1744763045,1.13119,1.13128,0.0,0,1744763045586,134,0.0
1744763045,1.13117,1.13126,0.0,0,1744763045607,134,0.0
1744763045,1.13116,1.13125,0.0,0,1744763045668,134,0.0
1744763045,1.13114,1.13123,0.0,0,1744763045707,134,0.0
1744763046,1.13113,1.13122,0.0,0,1744763046607,134,0.0
1744763046,1.13111,1.1312,0.0,0,1744763046610,134,0.0
1744763046,1.1311,1.13119,0.0,0,1744763046622,134,0.0
1744763047,1.13113,1.13122,0.0,0,1744763047252,134,0.0
1744763047,1.13116,1.13125,0.0,0,1744763047278,134,0.0
1744763047,1.13118,1.13127,0.0,0,1744763047287,134,0.0
1744763048,1.13117,1.13126,0.0,0,1744763048527,134,0.0
1744763048,1.13119,1.13128,0.0,0,1744763048550,134,0.0
1744763050,1.1312,1.13129,0.0,0,1744763050932,134,0.0
1744763051,1.13117,1.13126,0.0,0,1744763051686,134,0.0
1744763052,1.1312,1.13129,0.0,0,1744763052103,134,0.0
1744763053,1.13118,1.13127,0.0,0,1744763053148,134,0.0
1744763059,1.1311499999999999,1.13124,0.0,0,1744763059539,134,0.0
1744763062,1.13117,1.13126,0.0,0,1744763062914,134,0.0
1744763063,1.1311499999999999,1.13124,0.0,0,1744763063917,134,0.0
1744763065,1.13117,1.13126,0.0,0,1744763065122,134,0.0
1744763066,1.1311499999999999,1.13124,0.0,0,1744763066122,134,0.0
1744763072,1.13117,1.13126,0.0,0,1744763072506,134,0.0
1744763074,1.13116,1.13125,0.0,0,1744763074862,134,0.0
1744763075,1.13114,1.13123,0.0,0,1744763075230,134,0.0
1744763075,1.13112,1.13121,0.0,0,1744763075618,134,0.0
1744763075,1.1311,1.13119,0.0,0,1744763075768,134,0.0
1744763078,1.13111,1.1312,0.0,0,1744763078089,134,0.0
1744763080,1.13109,1.13118,0.0,0,1744763080382,134,0.0
1744763080,1.13107,1.13116,0.0,0,1744763080393,134,0.0
1744763080,1.13106,1.1311499999999999,0.0,0,1744763080429,134,0.0
1744763081,1.13107,1.13116,0.0,0,1744763081478,134,0.0
1744763084,1.13106,1.1311499999999999,0.0,0,1744763084798,134,0.0
1744763085,1.13107,1.13116,0.0,0,1744763085955,134,0.0
1744763088,1.1311,1.13119,0.0,0,1744763088246,134,0.0
1744763090,1.13109,1.13118,0.0,0,1744763090020,134,0.0
1744763092,1.13111,1.1312,0.0,0,1744763092566,134,0.0
1744763093,1.1311,1.13119,0.0,0,1744763093654,134,0.0
1744763095,1.13108,1.13117,0.0,0,1744763095283,134,0.0
1744763097,1.13106,1.1311499999999999,0.0,0,1744763097539,134,0.0
1744763097,1.13104,1.13113,0.0,0,1744763097544,134,0.0
1744763097,1.13102,1.13111,0.0,0,1744763097546,134,0.0
1744763097,1.131,1.13109,0.0,0,1744763097574,134,0.0
1744763097,1.13099,1.13108,0.0,0,1744763097594,134,0.0
1744763097,1.13102,1.13111,0.0,0,1744763097899,134,0.0
1744763098,1.13103,1.13112,0.0,0,1744763098414,134,0.0
1744763098,1.13105,1.13114,0.0,0,1744763098691,134,0.0
1744763098,1.13107,1.13116,0.0,0,1744763098700,134,0.0
1744763098,1.13108,1.13117,0.0,0,1744763098745,134,0.0
1744763098,1.1311,1.13119,0.0,0,1744763098764,134,0.0
1744763099,1.13108,1.13117,0.0,0,1744763099908,134,0.0
1744763100,1.1311,1.13119,0.0,0,1744763100355,134,0.0
1744763102,1.13111,1.1312,0.0,0,1744763102614,134,0.0
1744763103,1.13109,1.13118,0.0,0,1744763103743,134,0.0
1744763105,1.1311,1.13119,0.0,0,1744763105420,134,0.0
1744763109,1.13113,1.13122,0.0,0,1744763109207,134,0.0
1744763111,1.13112,1.13121,0.0,0,1744763111264,134,0.0
1744763113,1.13111,1.1312,0.0,0,1744763113545,134,0.0
1744763117,1.1311,1.13119,0.0,0,1744763117634,134,0.0
1744763118,1.13109,1.13118,0.0,0,1744763118748,134,0.0
1744763121,1.1311,1.13119,0.0,0,1744763121467,134,0.0
1744763122,1.13112,1.13121,0.0,0,1744763122918,134,0.0
1744763123,1.13114,1.13123,0.0,0,1744763123849,134,0.0
1744763123,1.1311499999999999,1.13124,0.0,0,1744763123858,134,0.0
1744763123,1.13117,1.13126,0.0,0,1744763123864,134,0.0
1744763123,1.13118,1.13127,0.0,0,1744763123874,134,0.0
1744763123,1.1312,1.13129,0.0,0,1744763123899,134,0.0
1744763123,1.13117,1.13126,0.0,0,1744763123944,134,0.0
1744763124,1.1311499999999999,1.13124,0.0,0,1744763124165,134,0.0
1744763125,1.13114,1.13123,0.0,0,1744763125074,134,0.0
1744763125,1.13112,1.13121,0.0,0,1744763125159,134,0.0
1744763125,1.13111,1.1312,0.0,0,1744763125457,134,0.0
1744763125,1.13109,1.13118,0.0,0,1744763125984,134,0.0
1744763127,1.13108,1.13117,0.0,0,1744763127049,134,0.0
1744763127,1.13107,1.13116,0.0,0,1744763127564,134,0.0
1744763127,1.13105,1.13114,0.0,0,1744763127569,134,0.0
1744763127,1.13104,1.13113,0.0,0,1744763127589,134,0.0
1744763128,1.13103,1.13112,0.0,0,1744763128562,134,0.0
1744763129,1.13105,1.13114,0.0,0,1744763129886,134,0.0
1744763130,1.13103,1.13112,0.0,0,1744763130416,134,0.0
1744763130,1.13101,1.1311,0.0,0,1744763130516,134,0.0
1744763130,1.131,1.13109,0.0,0,1744763130876,134,0.0
1744763132,1.13102,1.13111,0.0,0,1744763132633,134,0.0
1744763133,1.13101,1.1311,0.0,0,1744763133721,134,0.0
1744763134,1.13104,1.13113,0.0,0,1744763134334,134,0.0
1744763135,1.13105,1.13114,0.0,0,1744763135692,134,0.0
1744763137,1.13106,1.1311499999999999,0.0,0,1744763137258,134,0.0
1744763138,1.13105,1.13114,0.0,0,1744763138403,134,0.0
1744763139,1.13104,1.13113,0.0,0,1744763139670,134,0.0
1744763140,1.13103,1.13112,0.0,0,1744763140006,134,0.0
1744763140,1.13101,1.1311,0.0,0,1744763140158,134,0.0
1744763141,1.13099,1.13108,0.0,0,1744763141947,134,0.0
1744763142,1.13102,1.13111,0.0,0,1744763142328,134,0.0
1744763142,1.13104,1.13113,0.0,0,1744763142379,134,0.0
1744763143,1.13105,1.13114,0.0,0,1744763143672,134,0.0
1744763143,1.13107,1.13116,0.0,0,1744763143989,134,0.0
1744763145,1.13106,1.1311499999999999,0.0,0,1744763145149,134,0.0
1744763146,1.13105,1.13114,0.0,0,1744763146253,134,0.0
1744763146,1.13103,1.13112,0.0,0,1744763146283,134,0.0
1744763146,1.13102,1.13111,0.0,0,1744763146549,134,0.0
1744763146,1.131,1.13109,0.0,0,1744763146573,134,0.0
1744763148,1.13101,1.1311,0.0,0,1744763148313,134,0.0
1744763149,1.13102,1.13111,0.0,0,1744763149469,134,0.0
1744763150,1.13101,1.1311,0.0,0,1744763150473,134,0.0
1744763151,1.131,1.13109,0.0,0,1744763151594,134,0.0
1744763152,1.13103,1.13112,0.0,0,1744763152974,134,0.0
1744763154,1.13102,1.13111,0.0,0,1744763154203,134,0.0
1744763155,1.13101,1.1311,0.0,0,1744763155393,134,0.0
1744763155,1.13099,1.13108,0.0,0,1744763155495,134,0.0
1744763156,1.13097,1.13106,0.0,0,1744763156151,134,0.0
1744763156,1.13095,1.13104,0.0,0,1744763156169,134,0.0
1744763156,1.13094,1.13103,0.0,0,1744763156184,134,0.0
1744763156,1.13092,1.13101,0.0,0,1744763156263,134,0.0
1744763156,1.13091,1.131,0.0,0,1744763156545,134,0.0
1744763157,1.1309,1.13099,0.0,0,1744763157928,134,0.0
1744763158,1.13089,1.13098,0.0,0,1744763158777,134,0.0
1744763161,1.13089,1.13098,0.0,0,1744763161053,130,0.0
1744763162,1.1309,1.13099,0.0,0,1744763162200,134,0.0
1744763162,1.13092,1.13101,0.0,0,1744763162922,134,0.0
1744763162,1.13094,1.13103,0.0,0,1744763162938,134,0.0
1744763163,1.13096,1.13105,0.0,0,1744763163014,134,0.0
1744763163,1.13097,1.13106,0.0,0,1744763163294,134,0.0
1744763167,1.13098,1.13107,0.0,0,1744763167349,134,0.0
1744763168,1.131,1.13109,0.0,0,1744763168005,134,0.0
1744763168,1.13101,1.1311,0.0,0,1744763168053,134,0.0
1744763169,1.131,1.13109,0.0,0,1744763169072,134,0.0
1744763169,1.13098,1.13107,0.0,0,1744763169117,134,0.0
1744763169,1.13096,1.13105,0.0,0,1744763169142,134,0.0
1744763170,1.13095,1.13104,0.0,0,1744763170221,134,0.0
1744763171,1.13097,1.13106,0.0,0,1744763171493,134,0.0
1744763172,1.13098,1.13107,0.0,0,1744763172503,134,0.0
1744763174,1.13097,1.13106,0.0,0,1744763174845,134,0.0
1744763175,1.13095,1.13104,0.0,0,1744763175144,134,0.0
1744763175,1.13093,1.13102,0.0,0,1744763175199,134,0.0
1744763177,1.13092,1.13101,0.0,0,1744763177207,134,0.0
1744763178,1.13093,1.13102,0.0,0,1744763178219,134,0.0
1744763181,1.13092,1.13101,0.0,0,1744763181812,134,0.0
1744763183,1.1309,1.13099,0.0,0,1744763183522,134,0.0
1744763183,1.13089,1.13098,0.0,0,1744763183562,134,0.0
1744763184,1.13091,1.131,0.0,0,1744763184671,134,0.0
1744763186,1.1309,1.13099,0.0,0,1744763186832,134,0.0
1744763190,1.13091,1.131,0.0,0,1744763190328,134,0.0
1744763191,1.13092,1.13101,0.0,0,1744763191333,134,0.0
1744763192,1.13094,1.13103,0.0,0,1744763192522,134,0.0
1744763193,1.13092,1.13101,0.0,0,1744763193603,134,0.0
1744763194,1.13094,1.13103,0.0,0,1744763194222,134,0.0
1744763194,1.13096,1.13105,0.0,0,1744763194248,134,0.0
1744763196,1.13094,1.13103,0.0,0,1744763196504,134,0.0
1744763197,1.13096,1.13105,0.0,0,1744763197446,134,0.0
1744763198,1.13095,1.13104,0.0,0,1744763198620,134,0.0
1744763200,1.13093,1.13102,0.0,0,1744763200564,134,0.0
1744763200,1.13091,1.131,0.0,0,1744763200636,134,0.0
1744763202,1.1309,1.13099,0.0,0,1744763202197,134,0.0
1744763208,1.1308799999999999,1.13097,0.0,0,1744763208151,134,0.0
1744763208,1.13086,1.13095,0.0,0,1744763208161,134,0.0
1744763208,1.13085,1.13094,0.0,0,1744763208170,134,0.0
1744763208,1.13083,1.13092,0.0,0,1744763208175,134,0.0
1744763210,1.13086,1.13095,0.0,0,1744763210226,134,0.0
1744763210,1.13083,1.13092,0.0,0,1744763210246,134,0.0
1744763210,1.13081,1.1309,0.0,0,1744763210276,134,0.0
1744763210,1.1308,1.13089,0.0,0,1744763210388,134,0.0
1744763210,1.13079,1.1308799999999999,0.0,0,1744763210625,134,0.0
1744763212,1.13081,1.1309,0.0,0,1744763212482,134,0.0
1744763213,1.1308,1.13089,0.0,0,1744763213864,134,0.0
1744763215,1.1307800000000001,1.13087,0.0,0,1744763215685,134,0.0
1744763215,1.13077,1.13086,0.0,0,1744763215715,134,0.0
1744763215,1.1308,1.13089,0.0,0,1744763215773,134,0.0
1744763215,1.13082,1.13091,0.0,0,1744763215800,134,0.0
1744763217,1.13081,1.1309,0.0,0,1744763217923,134,0.0
1744763220,1.13082,1.13091,0.0,0,1744763220061,134,0.0
1744763221,1.13084,1.13093,0.0,0,1744763221134,134,0.0
1744763221,1.13087,1.13096,0.0,0,1744763221483,134,0.0
1744763221,1.13089,1.13098,0.0,0,1744763221490,134,0.0
1744763221,1.1309,1.13099,0.0,0,1744763221541,134,0.0
1744763221,1.13092,1.13101,0.0,0,1744763221554,134,0.0
1744763221,1.13093,1.13102,0.0,0,1744763221640,134,0.0
1744763222,1.13094,1.13103,0.0,0,1744763222180,134,0.0
1744763222,1.13096,1.13105,0.0,0,1744763222217,134,0.0
1744763223,1.13097,1.13106,0.0,0,1744763223740,134,0.0
1744763225,1.13095,1.13104,0.0,0,1744763225282,134,0.0
1744763225,1.13093,1.13102,0.0,0,1744763225298,134,0.0
1744763225,1.13091,1.131,0.0,0,1744763225326,134,0.0
1744763225,1.13089,1.13098,0.0,0,1744763225633,134,0.0
1744763225,1.1308799999999999,1.13097,0.0,0,1744763225692,134,0.0
1744763225,1.13086,1.13095,0.0,0,1744763225695,134,0.0
1744763225,1.13084,1.13093,0.0,0,1744763225703,134,0.0
1744763226,1.13086,1.13095,0.0,0,1744763226705,134,0.0
1744763227,1.1308799999999999,1.13097,0.0,0,1744763227737,134,0.0
1744763228,1.13085,1.13094,0.0,0,1744763228453,134,0.0
1744763229,1.1308799999999999,1.13097,0.0,0,1744763229227,134,0.0
1744763230,1.13089,1.13098,0.0,0,1744763230265,134,0.0
1744763232,1.13087,1.13096,0.0,0,1744763232383,134,0.0
1744763232,1.13084,1.13093,0.0,0,1744763232854,134,0.0
1744763232,1.13082,1.13091,0.0,0,1744763232877,134,0.0
1744763233,1.13081,1.1309,0.0,0,1744763233053,134,0.0
1744763234,1.13083,1.13092,0.0,0,1744763234121,134,0.0
1744763234,1.13085,1.13094,0.0,0,1744763234779,134,0.0
1744763236,1.13086,1.13095,0.0,0,1744763236667,134,0.0
1744763236,1.1308799999999999,1.13097,0.0,0,1744763236680,134,0.0
1744763237,1.1309,1.13099,0.0,0,1744763237222,134,0.0
1744763237,1.13092,1.13101,0.0,0,1744763237343,134,0.0
1744763237,1.13093,1.13102,0.0,0,1744763237961,134,0.0
1744763237,1.1309,1.13099,0.0,0,1744763237966,134,0.0
1744763237,1.1308799999999999,1.13097,0.0,0,1744763237970,134,0.0
1744763237,1.13086,1.13095,0.0,0,1744763237980,134,0.0
1744763237,1.13084,1.13093,0.0,0,1744763237993,134,0.0
1744763238,1.13082,1.13091,0.0,0,1744763238005,134,0.0
1744763238,1.13081,1.1309,0.0,0,1744763238054,134,0.0
1744763239,1.13082,1.13091,0.0,0,1744763239058,134,0.0
1744763240,1.13083,1.13092,0.0,0,1744763240129,134,0.0
1744763243,1.13082,1.13091,0.0,0,1744763243266,134,0.0
1744763245,1.1308,1.13089,0.0,0,1744763245313,134,0.0
1744763246,1.13079,1.1308799999999999,0.0,0,1744763246335,134,0.0
1744763249,1.13082,1.13091,0.0,0,1744763249948,134,0.0
1744763252,1.13079,1.1308799999999999,0.0,0,1744763252964,134,0.0
1744763254,1.13081,1.1309,0.0,0,1744763254410,134,0.0
1744763255,1.1308,1.13089,0.0,0,1744763255691,134,0.0
1744763255,1.13083,1.13092,0.0,0,1744763255792,134,0.0
1744763256,1.13081,1.1309,0.0,0,1744763256808,134,0.0
1744763259,1.13082,1.13091,0.0,0,1744763259307,134,0.0
1744763259,1.13084,1.13093,0.0,0,1744763259310,134,0.0
1744763259,1.13086,1.13095,0.0,0,1744763259313,134,0.0
1744763259,1.13087,1.13096,0.0,0,1744763259315,134,0.0
1744763259,1.13089,1.13098,0.0,0,1744763259328,134,0.0
1744763259,1.1309,1.13099,0.0,0,1744763259368,134,0.0
1744763259,1.13092,1.13101,0.0,0,1744763259392,134,0.0
1744763259,1.13093,1.13102,0.0,0,1744763259496,134,0.0
1744763260,1.13095,1.13104,0.0,0,1744763260480,134,0.0
1744763261,1.13094,1.13103,0.0,0,1744763261581,134,0.0
1744763263,1.13096,1.13105,0.0,0,1744763263546,134,0.0
1744763263,1.13098,1.13107,0.0,0,1744763263618,134,0.0
1744763263,1.13099,1.13108,0.0,0,1744763263770,134,0.0
1744763264,1.13096,1.13105,0.0,0,1744763264618,134,0.0
1744763264,1.13094,1.13103,0.0,0,1744763264624,134,0.0
1744763264,1.13093,1.13102,0.0,0,1744763264634,134,0.0
1744763264,1.13091,1.131,0.0,0,1744763264657,134,0.0
1744763264,1.13089,1.13098,0.0,0,1744763264663,134,0.0
1744763265,1.1308799999999999,1.13097,0.0,0,1744763265270,134,0.0
1744763266,1.13089,1.13098,0.0,0,1744763266338,134,0.0
1744763267,1.13091,1.131,0.0,0,1744763267355,134,0.0
1744763268,1.13092,1.13101,0.0,0,1744763268448,134,0.0
1744763270,1.13094,1.13103,0.0,0,1744763270082,134,0.0
1744763270,1.13096,1.13105,0.0,0,1744763270165,134,0.0
1744763271,1.13097,1.13106,0.0,0,1744763271030,134,0.0
1744763273,1.13096,1.13105,0.0,0,1744763273312,134,0.0
1744763275,1.13098,1.13107,0.0,0,1744763275240,134,0.0
1744763275,1.131,1.13109,0.0,0,1744763275290,134,0.0
1744763276,1.13101,1.1311,0.0,0,1744763276327,134,0.0
1744763277,1.131,1.13109,0.0,0,1744763277523,134,0.0
1744763278,1.13098,1.13107,0.0,0,1744763278956,134,0.0
1744763279,1.13096,1.13105,0.0,0,1744763279001,134,0.0
1744763279,1.13099,1.13108,0.0,0,1744763279163,134,0.0
1744763280,1.131,1.13109,0.0,0,1744763280311,134,0.0
1744763280,1.13097,1.13106,0.0,0,1744763280714,134,0.0
1744763280,1.13095,1.13104,0.0,0,1744763280725,134,0.0
1744763280,1.13093,1.13102,0.0,0,1744763280754,134,0.0
1744763280,1.13092,1.13101,0.0,0,1744763280825,134,0.0
1744763280,1.1309,1.13099,0.0,0,1744763280840,134,0.0
1744763282,1.13091,1.131,0.0,0,1744763282003,134,0.0
1744763282,1.13093,1.13102,0.0,0,1744763282334,134,0.0
1744763283,1.13095,1.13104,0.0,0,1744763283281,134,0.0
1744763283,1.13097,1.13106,0.0,0,1744763283284,134,0.0
1744763283,1.13098,1.13107,0.0,0,1744763283291,134,0.0
1744763283,1.131,1.13109,0.0,0,1744763283295,134,0.0
1744763283,1.13101,1.1311,0.0,0,1744763283317,134,0.0
1744763283,1.13103,1.13112,0.0,0,1744763283337,134,0.0
1744763283,1.13105,1.13114,0.0,0,1744763283733,134,0.0
1744763284,1.13106,1.1311499999999999,0.0,0,1744763284286,134,0.0
1744763284,1.13108,1.13117,0.0,0,1744763284917,134,0.0
1744763284,1.1311,1.13119,0.0,0,1744763284927,134,0.0
1744763284,1.13111,1.1312,0.0,0,1744763284944,134,0.0
1744763284,1.13112,1.13121,0.0,0,1744763284979,134,0.0
1744763284,1.13114,1.13123,0.0,0,1744763284995,134,0.0
1744763285,1.1311,1.13119,0.0,0,1744763285028,134,0.0
1744763285,1.13108,1.13117,0.0,0,1744763285045,134,0.0
1744763286,1.13109,1.13118,0.0,0,1744763286046,134,0.0
1744763288,1.13108,1.13117,0.0,0,1744763288103,134,0.0
1744763289,1.1311,1.13119,0.0,0,1744763289664,134,0.0
1744763293,1.13109,1.13118,0.0,0,1744763293192,134,0.0
1744763294,1.13111,1.1312,0.0,0,1744763294375,134,0.0
1744763300,1.13113,1.13122,0.0,0,1744763300951,134,0.0
1744763300,1.1311499999999999,1.13124,0.0,0,1744763300960,134,0.0
1744763301,1.13112,1.13121,0.0,0,1744763301533,134,0.0
1744763303,1.13113,1.13122,0.0,0,1744763303048,134,0.0
1744763305,1.1311499999999999,1.13124,0.0,0,1744763305677,134,0.0
1744763305,1.13117,1.13126,0.0,0,1744763305743,134,0.0
1744763307,1.13114,1.13123,0.0,0,1744763307057,134,0.0
1744763310,1.1311499999999999,1.13124,0.0,0,1744763310638,134,0.0
1744763310,1.13113,1.13122,0.0,0,1744763310776,134,0.0
1744763310,1.13111,1.1312,0.0,0,1744763310827,134,0.0
1744763311,1.13109,1.13118,0.0,0,1744763311072,134,0.0
1744763311,1.13108,1.13117,0.0,0,1744763311089,134,0.0
1744763311,1.13106,1.1311499999999999,0.0,0,1744763311093,134,0.0
1744763311,1.13109,1.13118,0.0,0,1744763311337,134,0.0
1744763311,1.13111,1.1312,0.0,0,1744763311348,134,0.0
1744763312,1.13113,1.13122,0.0,0,1744763312356,134,0.0
1744763313,1.13112,1.13121,0.0,0,1744763313482,134,0.0
1744763314,1.13113,1.13122,0.0,0,1744763314517,134,0.0
1744763315,1.1311499999999999,1.13124,0.0,0,1744763315844,134,0.0
1744763315,1.13116,1.13125,0.0,0,1744763315856,134,0.0
1744763315,1.13118,1.13127,0.0,0,1744763315865,134,0.0
1744763315,1.13119,1.13128,0.0,0,1744763315879,134,0.0
1744763315,1.13122,1.13131,0.0,0,1744763315916,134,0.0
1744763315,1.13123,1.13132,0.0,0,1744763315936,134,0.0
1744763316,1.13122,1.13131,0.0,0,1744763316938,134,0.0
1744763317,1.13121,1.1313,0.0,0,1744763317953,134,0.0
1744763319,1.13122,1.13131,0.0,0,1744763319060,134,0.0
1744763319,1.13119,1.13128,0.0,0,1744763319885,134,0.0
1744763319,1.13118,1.13127,0.0,0,1744763319905,134,0.0
1744763319,1.13116,1.13125,0.0,0,1744763319923,134,0.0
1744763319,1.13114,1.13123,0.0,0,1744763319930,134,0.0
1744763319,1.13113,1.13122,0.0,0,1744763319979,134,0.0
1744763320,1.13112,1.13121,0.0,0,1744763320253,134,0.0
1744763320,1.1311,1.13119,0.0,0,1744763320272,134,0.0
1744763320,1.13109,1.13118,0.0,0,1744763320322,134,0.0
1744763321,1.13108,1.13117,0.0,0,1744763321920,134,0.0
1744763322,1.13106,1.1311499999999999,0.0,0,1744763322297,134,0.0
1744763322,1.13105,1.13114,0.0,0,1744763322309,134,0.0
1744763322,1.13103,1.13112,0.0,0,1744763322354,134,0.0
1744763322,1.13102,1.13111,0.0,0,1744763322555,134,0.0
1744763325,1.13101,1.1311,0.0,0,1744763325969,134,0.0
1744763328,1.13104,1.13113,0.0,0,1744763328550,134,0.0
1744763328,1.13106,1.1311499999999999,0.0,0,1744763328566,134,0.0
1744763328,1.13107,1.13116,0.0,0,1744763328612,134,0.0
1744763328,1.13109,1.13118,0.0,0,1744763328638,134,0.0
1744763329,1.13107,1.13116,0.0,0,1744763329748,134,0.0
1744763333,1.13108,1.13117,0.0,0,1744763333332,134,0.0
1744763334,1.13107,1.13116,0.0,0,1744763334883,134,0.0
1744763335,1.13109,1.13118,0.0,0,1744763335030,134,0.0
1744763335,1.13111,1.1312,0.0,0,1744763335069,134,0.0
1744763336,1.13112,1.13121,0.0,0,1744763336270,134,0.0
1744763337,1.13113,1.13122,0.0,0,1744763337275,134,0.0
1744763338,1.13112,1.13121,0.0,0,1744763338503,134,0.0
1744763340,1.13114,1.13123,0.0,0,1744763340616,134,0.0
1744763342,1.13116,1.13125,0.0,0,1744763342329,134,0.0
1744763342,1.13117,1.13126,0.0,0,1744763342342,134,0.0
1744763342,1.13119,1.13128,0.0,0,1744763342347,134,0.0
1744763342,1.1312,1.13129,0.0,0,1744763342422,134,0.0
1744763342,1.13122,1.13131,0.0,0,1744763342534,134,0.0
1744763343,1.13123,1.13132,0.0,0,1744763343548,134,0.0
1744763343,1.13125,1.13134,0.0,0,1744763343589,134,0.0
1744763344,1.13126,1.13135,0.0,0,1744763344694,134,0.0
1744763345,1.13125,1.13134,0.0,0,1744763345875,134,0.0
1744763348,1.13126,1.13135,0.0,0,1744763348990,134,0.0
1744763352,1.13125,1.13134,0.0,0,1744763352123,134,0.0
1744763353,1.13124,1.13133,0.0,0,1744763353134,134,0.0
1744763354,1.13122,1.13131,0.0,0,1744763354164,134,0.0
1744763356,1.1312,1.13129,0.0,0,1744763356642,134,0.0
1744763356,1.13118,1.13127,0.0,0,1744763356664,134,0.0
1744763359,1.13119,1.13128,0.0,0,1744763359741,134,0.0
1744763360,1.1312,1.13129,0.0,0,1744763360944,134,0.0
1744763361,1.13118,1.13127,0.0,0,1744763361977,134,0.0
1744763363,1.13119,1.13128,0.0,0,1744763363640,134,0.0
1744763364,1.13118,1.13127,0.0,0,1744763364678,134,0.0
1744763365,1.13119,1.13128,0.0,0,1744763365863,134,0.0
1744763367,1.13121,1.1313,0.0,0,1744763367860,134,0.0
1744763367,1.13122,1.13131,0.0,0,1744763367865,134,0.0
1744763367,1.13124,1.13133,0.0,0,1744763367869,134,0.0
1744763367,1.13125,1.13134,0.0,0,1744763367891,134,0.0
1744763367,1.13127,1.13136,0.0,0,1744763367901,134,0.0
1744763367,1.13129,1.13138,0.0,0,1744763367940,134,0.0
1744763368,1.13125,1.13134,0.0,0,1744763368071,134,0.0
1744763368,1.13123,1.13132,0.0,0,1744763368370,134,0.0
1744763368,1.13121,1.1313,0.0,0,1744763368383,134,0.0
