time,bid,ask,last,volume,time_msc,flags,volume_real
1740613745,0.63036,0.63045,0.0,0,1740613745379,134,0.0
1740613757,0.63037,0.63046,0.0,0,1740613757291,134,0.0
1740613758,0.6304,0.63049,0.0,0,1740613758911,134,0.0
1740613758,0.63039,0.63048,0.0,0,1740613758914,134,0.0
1740613759,0.63038,0.63047,0.0,0,1740613759239,134,0.0
1740613765,0.63039,0.63048,0.0,0,1740613765181,134,0.0
1740613772,0.63037,0.63046,0.0,0,1740613772441,134,0.0
1740613772,0.63036,0.63045,0.0,0,1740613772770,134,0.0
1740613774,0.63035,0.63044,0.0,0,1740613774419,134,0.0
1740613777,0.63034,0.63043,0.0,0,1740613777720,134,0.0
1740613779,0.63033,0.63042,0.0,0,1740613779700,134,0.0
1740613783,0.63032,0.63041,0.0,0,1740613783328,134,0.0
1740613786,0.63033,0.63042,0.0,0,1740613786301,134,0.0
1740613794,0.63034,0.63043,0.0,0,1740613794881,134,0.0
1740613800,0.63034,0.63043,0.0,0,1740613800160,130,0.0
1740613801,0.63032,0.63041,0.0,0,1740613801149,134,0.0
1740613804,0.63033,0.63042,0.0,0,1740613804448,134,0.0
1740613805,0.63032,0.63041,0.0,0,1740613805439,134,0.0
1740613809,0.63033,0.63042,0.0,0,1740613809074,134,0.0
1740613813,0.63032,0.63041,0.0,0,1740613813690,134,0.0
1740613818,0.63033,0.63042,0.0,0,1740613818639,134,0.0
1740613820,0.63034,0.63043,0.0,0,1740613820296,134,0.0
1740613822,0.63033,0.63042,0.0,0,1740613822599,134,0.0
1740613826,0.63032,0.63041,0.0,0,1740613826890,134,0.0
1740613831,0.63031,0.6304,0.0,0,1740613831217,134,0.0
1740613835,0.63032,0.63041,0.0,0,1740613835139,134,0.0
1740613841,0.63031,0.6304,0.0,0,1740613841408,134,0.0
1740613860,0.63031,0.6304,0.0,0,1740613860219,130,0.0
1740613864,0.63033,0.63042,0.0,0,1740613864220,134,0.0
1740613870,0.63032,0.63041,0.0,0,1740613870484,134,0.0
1740613871,0.63031,0.6304,0.0,0,1740613871768,134,0.0
1740613886,0.63032,0.63041,0.0,0,1740613886302,134,0.0
1740613896,0.63031,0.6304,0.0,0,1740613896848,134,0.0
1740613898,0.63032,0.63041,0.0,0,1740613898829,134,0.0
1740613900,0.6303,0.63039,0.0,0,1740613900148,134,0.0
1740613907,0.63031,0.6304,0.0,0,1740613907408,134,0.0
1740613920,0.63031,0.6304,0.0,0,1740613920279,130,0.0
1740613922,0.63032,0.63041,0.0,0,1740613922917,134,0.0
1740613924,0.6303,0.63039,0.0,0,1740613924568,134,0.0
1740613948,0.63029,0.63038,0.0,0,1740613948332,134,0.0
1740613973,0.6303,0.63039,0.0,0,1740613973451,134,0.0
1740613977,0.63029,0.63038,0.0,0,1740613977039,134,0.0
1740613979,0.63032,0.63041,0.0,0,1740613979349,134,0.0
1740613980,0.63032,0.63041,0.0,0,1740613980007,130,0.0
1740613981,0.63031,0.6304,0.0,0,1740613981988,134,0.0
1740613984,0.63032,0.63041,0.0,0,1740613984297,134,0.0
1740613985,0.63033,0.63042,0.0,0,1740613985948,134,0.0
1740614040,0.63033,0.63042,0.0,0,1740614040066,130,0.0
1740614046,0.63033,0.63042,0.0,0,1740614046007,4,0.0
1740614052,0.63032,0.63041,0.0,0,1740614052277,134,0.0
1740614063,0.63033,0.63042,0.0,0,1740614063496,134,0.0
1740614065,0.63032,0.63041,0.0,0,1740614065807,134,0.0
1740614066,0.63034,0.63043,0.0,0,1740614066135,134,0.0
1740614079,0.63033,0.63042,0.0,0,1740614079006,134,0.0
1740614700,0.63017,0.63107,0.0,0,1740614700098,134,0.0
1740614700,0.63012,0.63107,0.0,0,1740614700429,130,0.0
1740614701,0.63018,0.63104,0.0,0,1740614701088,134,0.0
1740614701,0.63021,0.63104,0.0,0,1740614701416,130,0.0
1740614701,0.63022,0.63104,0.0,0,1740614701457,130,0.0
1740614701,0.63019,0.63104,0.0,0,1740614701747,130,0.0
1740614702,0.63019,0.63097,0.0,0,1740614702408,4,0.0
1740614702,0.63021,0.63097,0.0,0,1740614702737,130,0.0
1740614704,0.63023,0.63097,0.0,0,1740614704057,130,0.0
1740614708,0.63028,0.63097,0.0,0,1740614708347,130,0.0
1740614710,0.63029,0.63097,0.0,0,1740614710002,130,0.0
1740614731,0.63027,0.63097,0.0,0,1740614731120,130,0.0
1740614732,0.63028,0.63097,0.0,0,1740614732437,130,0.0
1740614743,0.63032,0.63097,0.0,0,1740614743985,130,0.0
1740614760,0.63032,0.63097,0.0,0,1740614760157,130,0.0
1740614762,0.63032,0.63097,0.0,0,1740614762465,4,0.0
1740614770,0.63033,0.63097,0.0,0,1740614770057,130,0.0
1740614820,0.63033,0.63088,0.0,0,1740614820215,134,0.0
1740614821,0.63031,0.63091,0.0,0,1740614821236,134,0.0
1740614821,0.63038,0.63091,0.0,0,1740614821535,130,0.0
1740614834,0.6303,0.63091,0.0,0,1740614834075,130,0.0
1740614872,0.63042,0.63098,0.0,0,1740614872355,134,0.0
1740614872,0.63041,0.63098,0.0,0,1740614872685,130,0.0
1740614873,0.63038,0.63098,0.0,0,1740614873345,130,0.0
1740614873,0.63037,0.63098,0.0,0,1740614873373,130,0.0
1740614873,0.63042,0.63098,0.0,0,1740614873674,130,0.0
1740614878,0.63054,0.63098,0.0,0,1740614878955,130,0.0
1740614880,0.63054,0.63098,0.0,0,1740614880275,130,0.0
1740614913,0.63066,0.631,0.0,0,1740614913606,134,0.0
1740614919,0.63056,0.63098,0.0,0,1740614919544,134,0.0
1740614919,0.63054,0.63098,0.0,0,1740614919554,130,0.0
1740614929,0.63064,0.631,0.0,0,1740614929115,134,0.0
1740614930,0.63066,0.631,0.0,0,1740614930763,130,0.0
1740614940,0.63066,0.631,0.0,0,1740614940003,130,0.0
1740614952,0.63066,0.63098,0.0,0,1740614952873,4,0.0
1740614952,0.63061,0.63092,0.0,0,1740614952878,134,0.0
1740614955,0.63059,0.63091,0.0,0,1740614955514,134,0.0
1740614964,0.63058,0.63089,0.0,0,1740614964425,134,0.0
1740614966,0.63059,0.63091,0.0,0,1740614966405,134,0.0
1740614967,0.63058,0.63089,0.0,0,1740614967063,134,0.0
1740614967,0.63059,0.63091,0.0,0,1740614967724,134,0.0
1740614971,0.63056,0.63087,0.0,0,1740614971685,134,0.0
1740614972,0.6303,0.63087,0.0,0,1740614972014,130,0.0
1740614975,0.63041,0.63087,0.0,0,1740614975682,130,0.0
1740614982,0.63046,0.63078,0.0,0,1740614982574,134,0.0
1740614984,0.63043,0.63077,0.0,0,1740614984229,134,0.0
1740614984,0.63049,0.63081,0.0,0,1740614984882,134,0.0
1740614988,0.6304,0.63077,0.0,0,1740614988513,134,0.0
1740615000,0.6304,0.63077,0.0,0,1740615000065,130,0.0
1740615005,0.63043,0.63074,0.0,0,1740615005721,134,0.0
1740615006,0.63048,0.63079,0.0,0,1740615006377,134,0.0
1740615010,0.63046,0.63078,0.0,0,1740615010625,134,0.0
1740615011,0.63045,0.63077,0.0,0,1740615011284,134,0.0
1740615011,0.63048,0.63079,0.0,0,1740615011613,134,0.0
1740615012,0.63046,0.63078,0.0,0,1740615012603,134,0.0
1740615020,0.63048,0.63079,0.0,0,1740615020854,134,0.0
1740615021,0.63047,0.63078,0.0,0,1740615021843,134,0.0
1740615041,0.63048,0.6308,0.0,0,1740615041007,134,0.0
1740615041,0.63049,0.6308,0.0,0,1740615041644,130,0.0
1740615060,0.63049,0.6308,0.0,0,1740615060123,130,0.0
1740615063,0.63053,0.63084,0.0,0,1740615063428,134,0.0
1740615064,0.63054,0.63085,0.0,0,1740615064744,134,0.0
1740615073,0.63056,0.63087,0.0,0,1740615073984,134,0.0
1740615074,0.6306,0.63092,0.0,0,1740615074973,134,0.0
1740615102,0.63061,0.63092,0.0,0,1740615102693,130,0.0
1740615104,0.63076,0.6313,0.0,0,1740615104013,134,0.0
1740615113,0.63069,0.6313,0.0,0,1740615113913,130,0.0
1740615117,0.63077,0.6313,0.0,0,1740615117542,130,0.0
1740615117,0.63076,0.6313,0.0,0,1740615117593,130,0.0
1740615119,0.63069,0.6313,0.0,0,1740615119523,130,0.0
1740615120,0.63069,0.6313,0.0,0,1740615120181,130,0.0
1740615123,0.63065,0.6313,0.0,0,1740615123157,130,0.0
1740615123,0.63064,0.63129,0.0,0,1740615123483,134,0.0
1740615124,0.63061,0.63119,0.0,0,1740615124474,134,0.0
1740615125,0.63061,0.6311,0.0,0,1740615125793,4,0.0
1740615127,0.63062,0.63102,0.0,0,1740615127442,134,0.0
1740615129,0.63061,0.63092,0.0,0,1740615129753,134,0.0
1740615133,0.63057,0.63088,0.0,0,1740615133382,134,0.0
1740615140,0.63065,0.63096,0.0,0,1740615140642,134,0.0
1740615168,0.6307,0.63101,0.0,0,1740615168361,134,0.0
1740615180,0.6307,0.63101,0.0,0,1740615180242,130,0.0
1740615192,0.63072,0.63103,0.0,0,1740615192782,134,0.0
1740615194,0.6308,0.63111,0.0,0,1740615194101,134,0.0
1740615194,0.63079,0.6311,0.0,0,1740615194108,134,0.0
1740615206,0.63078,0.63109,0.0,0,1740615206311,134,0.0
1740615225,0.63084,0.63115,0.0,0,1740615225121,134,0.0
1740615240,0.63084,0.63115,0.0,0,1740615240012,130,0.0
1740615250,0.63074,0.63105,0.0,0,1740615250201,134,0.0
1740615271,0.6307,0.63101,0.0,0,1740615271982,134,0.0
1740615294,0.63065,0.63096,0.0,0,1740615294091,134,0.0
1740615295,0.63064,0.63095,0.0,0,1740615295082,134,0.0
1740615297,0.63062,0.63093,0.0,0,1740615297722,134,0.0
1740615300,0.63062,0.63093,0.0,0,1740615300035,130,0.0
1740615310,0.63068,0.63099,0.0,0,1740615310261,134,0.0
1740615323,0.63062,0.63093,0.0,0,1740615323460,134,0.0
1740615323,0.63064,0.63095,0.0,0,1740615323483,134,0.0
1740615324,0.63062,0.63093,0.0,0,1740615324122,134,0.0
1740615329,0.63064,0.63095,0.0,0,1740615329759,134,0.0
1740615330,0.63062,0.63093,0.0,0,1740615330390,134,0.0
1740615336,0.63073,0.63104,0.0,0,1740615336001,134,0.0
1740615336,0.63071,0.63102,0.0,0,1740615336331,134,0.0
1740615360,0.63071,0.63102,0.0,0,1740615360090,130,0.0
1740615396,0.63071,0.63102,0.0,0,1740615396390,4,0.0
1740615420,0.63071,0.63102,0.0,0,1740615420150,130,0.0
1740615456,0.63071,0.63102,0.0,0,1740615456449,4,0.0
1740615480,0.63071,0.63102,0.0,0,1740615480211,130,0.0
1740615490,0.6307,0.63101,0.0,0,1740615490771,134,0.0
1740615540,0.6307,0.63101,0.0,0,1740615540267,130,0.0
1740615550,0.6307,0.63101,0.0,0,1740615550829,4,0.0
1740615591,0.63071,0.63102,0.0,0,1740615591090,134,0.0
1740615600,0.63071,0.63102,0.0,0,1740615600001,130,0.0
1740615651,0.63071,0.63102,0.0,0,1740615651147,4,0.0
1740615660,0.63071,0.63102,0.0,0,1740615660059,130,0.0
1740615711,0.63071,0.63102,0.0,0,1740615711210,4,0.0
1740615720,0.63071,0.63102,0.0,0,1740615720117,130,0.0
1740615771,0.63071,0.63102,0.0,0,1740615771267,4,0.0
1740615780,0.63071,0.63102,0.0,0,1740615780177,130,0.0
1740615831,0.63071,0.63102,0.0,0,1740615831325,4,0.0
1740615840,0.63071,0.63102,0.0,0,1740615840236,130,0.0
1740615845,0.63074,0.63105,0.0,0,1740615845185,134,0.0
1740615851,0.63073,0.63104,0.0,0,1740615851127,134,0.0
1740615881,0.63074,0.63105,0.0,0,1740615881815,134,0.0
1740615888,0.63077,0.63108,0.0,0,1740615888415,134,0.0
1740615888,0.63078,0.63109,0.0,0,1740615888422,134,0.0
1740615891,0.63077,0.63108,0.0,0,1740615891386,134,0.0
1740615900,0.63077,0.63108,0.0,0,1740615900297,130,0.0
1740615924,0.63078,0.63109,0.0,0,1740615924716,134,0.0
1740615925,0.63076,0.63107,0.0,0,1740615925044,134,0.0
1740615934,0.63077,0.63108,0.0,0,1740615934614,134,0.0
1740615936,0.63075,0.63106,0.0,0,1740615936293,134,0.0
1740615947,0.63077,0.63108,0.0,0,1740615947485,134,0.0
1740615960,0.63077,0.63108,0.0,0,1740615960026,130,0.0
1740615965,0.63081,0.63112,0.0,0,1740615965305,134,0.0
1740615970,0.63085,0.63116,0.0,0,1740615970916,134,0.0
1740616020,0.63085,0.63116,0.0,0,1740616020083,130,0.0
1740616020,0.63087,0.63118,0.0,0,1740616020414,134,0.0
1740616027,0.63088,0.63119,0.0,0,1740616027704,134,0.0
1740616028,0.63087,0.63118,0.0,0,1740616028008,134,0.0
1740616028,0.63088,0.63119,0.0,0,1740616028335,134,0.0
1740616028,0.63087,0.63118,0.0,0,1740616028665,134,0.0
1740616029,0.63088,0.63119,0.0,0,1740616029021,134,0.0
1740616029,0.63087,0.63118,0.0,0,1740616029327,134,0.0
1740616029,0.63088,0.63119,0.0,0,1740616029654,134,0.0
1740616029,0.63087,0.63118,0.0,0,1740616029985,134,0.0
1740616030,0.63088,0.63119,0.0,0,1740616030313,134,0.0
1740616030,0.63087,0.63118,0.0,0,1740616030643,134,0.0
1740616030,0.63088,0.63119,0.0,0,1740616030975,134,0.0
1740616035,0.63087,0.63118,0.0,0,1740616035924,134,0.0
1740616065,0.63086,0.63117,0.0,0,1740616065623,134,0.0
1740616080,0.63086,0.63117,0.0,0,1740616080144,130,0.0
1740616101,0.63084,0.63115,0.0,0,1740616101971,134,0.0
1740616140,0.63084,0.63115,0.0,0,1740616140203,130,0.0
1740616161,0.63084,0.63115,0.0,0,1740616161982,4,0.0
1740616174,0.63083,0.63114,0.0,0,1740616174855,134,0.0
1740616187,0.63081,0.63112,0.0,0,1740616187392,134,0.0
1740616200,0.63085,0.63115,0.0,0,1740616200300,134,0.0
1740616205,0.63086,0.63116,0.0,0,1740616205872,134,0.0
1740616216,0.63085,0.63115,0.0,0,1740616216431,134,0.0
1740616252,0.63084,0.63114,0.0,0,1740616252402,134,0.0
1740616257,0.63083,0.63113,0.0,0,1740616257352,134,0.0
1740616259,0.63077,0.63107,0.0,0,1740616259331,134,0.0
1740616260,0.63077,0.63107,0.0,0,1740616260033,130,0.0
1740616260,0.63079,0.63109,0.0,0,1740616260321,134,0.0
1740616292,0.63077,0.63107,0.0,0,1740616292331,134,0.0
1740616292,0.63075,0.63105,0.0,0,1740616292662,134,0.0
1740616293,0.63076,0.63106,0.0,0,1740616293320,134,0.0
1740616307,0.63075,0.63105,0.0,0,1740616307512,134,0.0
1740616307,0.63074,0.63104,0.0,0,1740616307842,134,0.0
1740616320,0.63074,0.63104,0.0,0,1740616320052,130,0.0
1740616367,0.63074,0.63104,0.0,0,1740616367901,4,0.0
1740616380,0.63074,0.63104,0.0,0,1740616380110,130,0.0
1740616405,0.63072,0.63102,0.0,0,1740616405850,134,0.0
1740616440,0.63072,0.63102,0.0,0,1740616440171,130,0.0
1740616465,0.63072,0.63102,0.0,0,1740616465908,4,0.0
1740616475,0.63073,0.63103,0.0,0,1740616475480,134,0.0
1740616500,0.63073,0.63103,0.0,0,1740616500230,130,0.0
1740616510,0.63072,0.63102,0.0,0,1740616510789,134,0.0
1740616535,0.63071,0.63101,0.0,0,1740616535869,134,0.0
1740616558,0.63072,0.63102,0.0,0,1740616558967,134,0.0
1740616560,0.63071,0.63101,0.0,0,1740616560290,134,0.0
1740616562,0.6307,0.631,0.0,0,1740616562269,134,0.0
1740616562,0.63069,0.63099,0.0,0,1740616562927,134,0.0
1740616576,0.63068,0.63098,0.0,0,1740616576484,134,0.0
1740616578,0.63069,0.63099,0.0,0,1740616578438,134,0.0
1740616588,0.63063,0.63093,0.0,0,1740616588011,134,0.0
1740616588,0.63062,0.63092,0.0,0,1740616588024,134,0.0
1740616593,0.63061,0.63091,0.0,0,1740616593288,134,0.0
1740616593,0.63057,0.63087,0.0,0,1740616593947,134,0.0
1740616599,0.63061,0.63091,0.0,0,1740616599888,134,0.0
1740616604,0.6306,0.6309,0.0,0,1740616604194,134,0.0
1740616606,0.63063,0.63093,0.0,0,1740616606818,134,0.0
1740616606,0.63065,0.63095,0.0,0,1740616606826,134,0.0
1740616607,0.63064,0.63094,0.0,0,1740616607480,134,0.0
1740616607,0.63063,0.63093,0.0,0,1740616607808,134,0.0
1740616615,0.63062,0.63092,0.0,0,1740616615416,134,0.0
1740616620,0.63062,0.63092,0.0,0,1740616620017,130,0.0
1740616620,0.63061,0.63091,0.0,0,1740616620678,134,0.0
1740616625,0.63062,0.63092,0.0,0,1740616625629,134,0.0
1740616626,0.63061,0.63091,0.0,0,1740616626618,134,0.0
1740616630,0.63062,0.63092,0.0,0,1740616630910,134,0.0
1740616632,0.63063,0.63093,0.0,0,1740616632558,134,0.0
1740616638,0.63062,0.63092,0.0,0,1740616638828,134,0.0
1740616644,0.63063,0.63093,0.0,0,1740616644437,134,0.0
1740616664,0.63062,0.63092,0.0,0,1740616664567,134,0.0
1740616666,0.63063,0.63093,0.0,0,1740616666548,134,0.0
1740616667,0.63064,0.63094,0.0,0,1740616667209,134,0.0
1740616673,0.63063,0.63093,0.0,0,1740616673808,134,0.0
1740616679,0.63065,0.63095,0.0,0,1740616679113,134,0.0
1740616679,0.63068,0.63098,0.0,0,1740616679418,134,0.0
1740616680,0.63068,0.63098,0.0,0,1740616680078,130,0.0
1740616682,0.63067,0.63097,0.0,0,1740616682399,134,0.0
1740616685,0.63068,0.63098,0.0,0,1740616685689,134,0.0
1740616687,0.63069,0.63099,0.0,0,1740616687996,134,0.0
1740616696,0.63067,0.63097,0.0,0,1740616696246,134,0.0
1740616700,0.63066,0.63096,0.0,0,1740616700208,134,0.0
1740616701,0.63065,0.63095,0.0,0,1740616701527,134,0.0
1740616710,0.63066,0.63096,0.0,0,1740616710437,134,0.0
1740616716,0.63064,0.63094,0.0,0,1740616716707,134,0.0
1740616717,0.63065,0.63095,0.0,0,1740616717699,134,0.0
1740616718,0.63064,0.63094,0.0,0,1740616718688,134,0.0
1740616724,0.63065,0.63095,0.0,0,1740616724981,134,0.0
1740616728,0.63066,0.63096,0.0,0,1740616728918,134,0.0
1740616740,0.63066,0.63096,0.0,0,1740616740138,130,0.0
1740616764,0.63068,0.63098,0.0,0,1740616764886,134,0.0
1740616800,0.63068,0.63098,0.0,0,1740616800196,130,0.0
1740616824,0.63067,0.63097,0.0,0,1740616824946,134,0.0
1740616857,0.63068,0.63098,0.0,0,1740616857287,134,0.0
1740616860,0.63068,0.63098,0.0,0,1740616860256,130,0.0
1740616912,0.63067,0.63097,0.0,0,1740616912724,134,0.0
1740616914,0.63068,0.63098,0.0,0,1740616914707,134,0.0
1740616920,0.63068,0.63098,0.0,0,1740616920011,130,0.0
1740616921,0.63067,0.63097,0.0,0,1740616921024,134,0.0
1740616922,0.63068,0.63098,0.0,0,1740616922956,134,0.0
1740616928,0.63087,0.63117,0.0,0,1740616928236,134,0.0
1740616928,0.63086,0.63116,0.0,0,1740616928257,134,0.0
1740616930,0.63085,0.63115,0.0,0,1740616930215,134,0.0
1740616930,0.63084,0.63114,0.0,0,1740616930884,134,0.0
1740616931,0.63074,0.63104,0.0,0,1740616931865,134,0.0
1740616932,0.63073,0.63103,0.0,0,1740616932524,134,0.0
1740616934,0.6307,0.631,0.0,0,1740616934835,134,0.0
1740616937,0.63068,0.63098,0.0,0,1740616937144,134,0.0
1740616937,0.63066,0.63096,0.0,0,1740616937476,134,0.0
1740616937,0.63065,0.63095,0.0,0,1740616937804,134,0.0
1740616939,0.63062,0.63092,0.0,0,1740616939454,134,0.0
1740616944,0.63065,0.63095,0.0,0,1740616944737,134,0.0
1740616945,0.6307,0.631,0.0,0,1740616945726,134,0.0
1740616946,0.63071,0.63101,0.0,0,1740616946385,134,0.0
1740616948,0.63069,0.63099,0.0,0,1740616948036,134,0.0
1740616948,0.63068,0.63098,0.0,0,1740616948067,134,0.0
1740616953,0.63069,0.63099,0.0,0,1740616953314,134,0.0
1740616953,0.63068,0.63098,0.0,0,1740616953646,134,0.0
1740616954,0.63067,0.63097,0.0,0,1740616954305,134,0.0
1740616954,0.63068,0.63098,0.0,0,1740616954635,134,0.0
1740616955,0.63069,0.63099,0.0,0,1740616955625,134,0.0
1740616955,0.6307,0.631,0.0,0,1740616955646,134,0.0
1740616955,0.63068,0.63098,0.0,0,1740616955954,134,0.0
1740616960,0.63066,0.63096,0.0,0,1740616960904,134,0.0
1740616966,0.63068,0.63098,0.0,0,1740616966846,134,0.0
1740616974,0.63067,0.63097,0.0,0,1740616974436,134,0.0
1740616976,0.63069,0.63099,0.0,0,1740616976415,134,0.0
1740616978,0.63068,0.63098,0.0,0,1740616978403,134,0.0
1740616980,0.63068,0.63098,0.0,0,1740616980043,130,0.0
1740616980,0.63067,0.63097,0.0,0,1740616980067,134,0.0
1740616980,0.63066,0.63096,0.0,0,1740616980705,134,0.0
1740616981,0.63068,0.63098,0.0,0,1740616981364,134,0.0
1740616981,0.63067,0.63097,0.0,0,1740616981735,134,0.0
1740616982,0.63063,0.63093,0.0,0,1740616982024,134,0.0
1740616986,0.63064,0.63094,0.0,0,1740616986975,134,0.0
1740616986,0.63063,0.63093,0.0,0,1740616986997,134,0.0
1740616987,0.63067,0.63097,0.0,0,1740616987305,134,0.0
1740616988,0.63069,0.63099,0.0,0,1740616988954,134,0.0
1740616993,0.6307,0.631,0.0,0,1740616993574,134,0.0
1740616997,0.63069,0.63099,0.0,0,1740616997865,134,0.0
1740617002,0.63066,0.63096,0.0,0,1740617002862,134,0.0
1740617005,0.63065,0.63095,0.0,0,1740617005125,134,0.0
1740617006,0.63064,0.63094,0.0,0,1740617006114,134,0.0
1740617008,0.63071,0.63101,0.0,0,1740617008094,134,0.0
1740617009,0.6307,0.631,0.0,0,1740617009131,134,0.0
1740617016,0.63069,0.63099,0.0,0,1740617016345,134,0.0
1740617020,0.63068,0.63098,0.0,0,1740617020303,134,0.0
1740617023,0.63066,0.63096,0.0,0,1740617023605,134,0.0
1740617029,0.63068,0.63098,0.0,0,1740617029261,134,0.0
1740617036,0.63069,0.63099,0.0,0,1740617036495,134,0.0
1740617036,0.63071,0.63101,0.0,0,1740617036806,134,0.0
1740617040,0.63071,0.63101,0.0,0,1740617040104,130,0.0
1740617045,0.6307,0.631,0.0,0,1740617045714,134,0.0
1740617046,0.63067,0.63097,0.0,0,1740617046045,134,0.0
1740617051,0.6307,0.631,0.0,0,1740617051984,134,0.0
1740617068,0.63067,0.63097,0.0,0,1740617068155,134,0.0
1740617074,0.6307,0.631,0.0,0,1740617074094,134,0.0
1740617081,0.63071,0.63101,0.0,0,1740617081353,134,0.0
1740617085,0.6307,0.631,0.0,0,1740617085649,134,0.0
1740617088,0.63067,0.63097,0.0,0,1740617088942,134,0.0
1740617094,0.6307,0.631,0.0,0,1740617094883,134,0.0
1740617100,0.6307,0.631,0.0,0,1740617100163,130,0.0
1740617110,0.63067,0.63097,0.0,0,1740617110063,134,0.0
1740617116,0.6307,0.631,0.0,0,1740617116003,134,0.0
1740617126,0.63069,0.63099,0.0,0,1740617126563,134,0.0
1740617130,0.6307,0.631,0.0,0,1740617130194,134,0.0
1740617132,0.63067,0.63097,0.0,0,1740617132833,134,0.0
1740617133,0.63066,0.63096,0.0,0,1740617133494,134,0.0
1740617138,0.63069,0.63099,0.0,0,1740617138444,134,0.0
1740617154,0.63067,0.63097,0.0,0,1740617154612,134,0.0
1740617157,0.63066,0.63096,0.0,0,1740617157253,134,0.0
1740617160,0.63068,0.63098,0.0,0,1740617160223,134,0.0
1740617160,0.63067,0.63097,0.0,0,1740617160568,134,0.0
1740617163,0.63068,0.63098,0.0,0,1740617163523,134,0.0
1740617166,0.63067,0.63097,0.0,0,1740617166493,134,0.0
1740617177,0.63066,0.63096,0.0,0,1740617177053,134,0.0
1740617180,0.63067,0.63097,0.0,0,1740617180023,134,0.0
1740617182,0.63069,0.63099,0.0,0,1740617182662,134,0.0
1740617191,0.63068,0.63098,0.0,0,1740617191903,134,0.0
1740617192,0.63067,0.63097,0.0,0,1740617192232,134,0.0
1740617195,0.63069,0.63099,0.0,0,1740617195234,134,0.0
1740617197,0.63067,0.63097,0.0,0,1740617197843,134,0.0
1740617202,0.63068,0.63098,0.0,0,1740617202793,134,0.0
1740617203,0.6307,0.631,0.0,0,1740617203453,134,0.0
1740617204,0.63069,0.63099,0.0,0,1740617204443,134,0.0
1740617220,0.63067,0.63097,0.0,0,1740617220283,134,0.0
1740617226,0.63069,0.63099,0.0,0,1740617226223,134,0.0
1740617242,0.63067,0.63097,0.0,0,1740617242390,134,0.0
1740617248,0.63068,0.63098,0.0,0,1740617248002,134,0.0
1740617252,0.63072,0.63102,0.0,0,1740617252622,134,0.0
1740617262,0.63077,0.63107,0.0,0,1740617262522,134,0.0
1740617273,0.63076,0.63106,0.0,0,1740617273081,134,0.0
1740617277,0.63075,0.63105,0.0,0,1740617277701,134,0.0
1740617280,0.63077,0.63107,0.0,0,1740617280012,134,0.0
1740617280,0.63076,0.63106,0.0,0,1740617280341,134,0.0
1740617288,0.63073,0.63103,0.0,0,1740617288590,134,0.0
1740617288,0.63076,0.63106,0.0,0,1740617288615,134,0.0
1740617288,0.63074,0.63104,0.0,0,1740617288971,134,0.0
1740617292,0.63076,0.63106,0.0,0,1740617292558,134,0.0
1740617292,0.63078,0.63108,0.0,0,1740617292882,134,0.0
1740617293,0.63077,0.63107,0.0,0,1740617293211,134,0.0
1740617294,0.63076,0.63106,0.0,0,1740617294224,134,0.0
1740617295,0.63075,0.63105,0.0,0,1740617295523,134,0.0
1740617298,0.63074,0.63104,0.0,0,1740617298821,134,0.0
1740617299,0.63076,0.63106,0.0,0,1740617299481,134,0.0
1740617303,0.63075,0.63105,0.0,0,1740617303111,134,0.0
1740617305,0.63077,0.63107,0.0,0,1740617305421,134,0.0
1740617310,0.63076,0.63106,0.0,0,1740617310041,134,0.0
1740617313,0.63075,0.63105,0.0,0,1740617313670,134,0.0
1740617316,0.63074,0.63104,0.0,0,1740617316641,134,0.0
1740617317,0.63072,0.63102,0.0,0,1740617317320,134,0.0
1740617317,0.63073,0.63103,0.0,0,1740617317633,134,0.0
1740617318,0.63072,0.63102,0.0,0,1740617318620,134,0.0
1740617322,0.63073,0.63103,0.0,0,1740617322582,134,0.0
1740617322,0.63072,0.63102,0.0,0,1740617322911,134,0.0
1740617329,0.63073,0.63103,0.0,0,1740617329841,134,0.0
1740617340,0.63073,0.63103,0.0,0,1740617340071,130,0.0
1740617345,0.63074,0.63104,0.0,0,1740617345682,134,0.0
1740617352,0.63073,0.63103,0.0,0,1740617352281,134,0.0
1740617359,0.63071,0.63101,0.0,0,1740617359870,134,0.0
1740617400,0.63071,0.63101,0.0,0,1740617400130,130,0.0
1740617409,0.63073,0.63103,0.0,0,1740617409700,134,0.0
1740617414,0.63072,0.63102,0.0,0,1740617414320,134,0.0
1740617420,0.63068,0.63098,0.0,0,1740617420919,134,0.0
1740617420,0.63069,0.63099,0.0,0,1740617420954,134,0.0
1740617421,0.63067,0.63097,0.0,0,1740617421251,134,0.0
1740617426,0.63068,0.63098,0.0,0,1740617426530,134,0.0
1740617429,0.63066,0.63096,0.0,0,1740617429171,134,0.0
1740617431,0.63069,0.63099,0.0,0,1740617431820,134,0.0
1740617435,0.6307,0.631,0.0,0,1740617435110,134,0.0
1740617436,0.63069,0.63099,0.0,0,1740617436431,134,0.0
1740617441,0.6307,0.631,0.0,0,1740617441710,134,0.0
1740617451,0.63069,0.63099,0.0,0,1740617451940,134,0.0
1740617460,0.63069,0.63099,0.0,0,1740617460190,130,0.0
1740617462,0.6307,0.631,0.0,0,1740617462172,134,0.0
1740617462,0.63068,0.63098,0.0,0,1740617462833,134,0.0
1740617485,0.63067,0.63097,0.0,0,1740617485270,134,0.0
1740617500,0.63065,0.63095,0.0,0,1740617500119,134,0.0
1740617505,0.63067,0.63097,0.0,0,1740617505729,134,0.0
1740617508,0.63066,0.63096,0.0,0,1740617508371,134,0.0
1740617518,0.63065,0.63095,0.0,0,1740617518603,134,0.0
1740617518,0.63067,0.63097,0.0,0,1740617518929,134,0.0
1740617520,0.63067,0.63097,0.0,0,1740617520250,130,0.0
1740617521,0.63066,0.63096,0.0,0,1740617521569,134,0.0
1740617522,0.63063,0.63093,0.0,0,1740617522229,134,0.0
1740617522,0.63066,0.63096,0.0,0,1740617522241,134,0.0
1740617524,0.63065,0.63095,0.0,0,1740617524215,134,0.0
1740617528,0.63064,0.63094,0.0,0,1740617528499,134,0.0
1740617533,0.63065,0.63095,0.0,0,1740617533778,134,0.0
1740617537,0.63066,0.63096,0.0,0,1740617537080,134,0.0
1740617543,0.63067,0.63097,0.0,0,1740617543678,134,0.0
1740617550,0.63066,0.63096,0.0,0,1740617550938,134,0.0
1740617551,0.63067,0.63097,0.0,0,1740617551269,134,0.0
1740617553,0.63066,0.63096,0.0,0,1740617553578,134,0.0
1740617553,0.63067,0.63097,0.0,0,1740617553910,134,0.0
1740617580,0.63067,0.63097,0.0,0,1740617580017,130,0.0
1740617596,0.63066,0.63096,0.0,0,1740617596479,134,0.0
1740617600,0.63067,0.63097,0.0,0,1740617600109,134,0.0
1740617604,0.63072,0.63102,0.0,0,1740617604727,134,0.0
1740617607,0.63073,0.63103,0.0,0,1740617607369,134,0.0
1740617608,0.63074,0.63104,0.0,0,1740617608360,134,0.0
1740617611,0.63071,0.63101,0.0,0,1740617611988,134,0.0
1740617618,0.63072,0.63102,0.0,0,1740617618260,134,0.0
1740617627,0.63073,0.63103,0.0,0,1740617627169,134,0.0
1740617639,0.63076,0.63106,0.0,0,1740617639049,134,0.0
1740617639,0.63073,0.63103,0.0,0,1740617639092,134,0.0
1740617640,0.63073,0.63103,0.0,0,1740617640038,130,0.0
1740617665,0.63072,0.63102,0.0,0,1740617665138,134,0.0
1740617676,0.63073,0.63103,0.0,0,1740617676007,134,0.0
1740617676,0.63072,0.63102,0.0,0,1740617676338,134,0.0
1740617677,0.63073,0.63103,0.0,0,1740617677683,134,0.0
1740617682,0.63072,0.63102,0.0,0,1740617682942,134,0.0
1740617685,0.63074,0.63104,0.0,0,1740617685247,134,0.0
1740617696,0.63073,0.63103,0.0,0,1740617696797,134,0.0
1740617697,0.63072,0.63102,0.0,0,1740617697460,134,0.0
1740617700,0.63072,0.63102,0.0,0,1740617700097,130,0.0
1740617711,0.63073,0.63103,0.0,0,1740617711977,134,0.0
1740617712,0.63074,0.63104,0.0,0,1740617712638,134,0.0
1740617713,0.63073,0.63103,0.0,0,1740617713012,134,0.0
1740617725,0.63071,0.63101,0.0,0,1740617725178,134,0.0
1740617760,0.63071,0.63101,0.0,0,1740617760157,130,0.0
1740617775,0.63069,0.63099,0.0,0,1740617775666,134,0.0
1740617792,0.63071,0.63101,0.0,0,1740617792827,134,0.0
1740617798,0.6307,0.631,0.0,0,1740617798437,134,0.0
1740617806,0.63071,0.63101,0.0,0,1740617806697,134,0.0
1740617812,0.63072,0.63102,0.0,0,1740617812296,134,0.0
1740617817,0.63071,0.63101,0.0,0,1740617817577,134,0.0
1740617818,0.63072,0.63102,0.0,0,1740617818566,134,0.0
1740617820,0.63072,0.63102,0.0,0,1740617820215,130,0.0
1740617848,0.63071,0.63101,0.0,0,1740617848598,134,0.0
1740617848,0.63069,0.63099,0.0,0,1740617848927,134,0.0
1740617849,0.63068,0.63098,0.0,0,1740617849915,134,0.0
1740617853,0.63067,0.63097,0.0,0,1740617853545,134,0.0
1740617856,0.63068,0.63098,0.0,0,1740617856516,134,0.0
1740617859,0.63067,0.63097,0.0,0,1740617859815,134,0.0
1740617862,0.63068,0.63098,0.0,0,1740617862126,134,0.0
1740617880,0.63068,0.63098,0.0,0,1740617880276,130,0.0
1740617886,0.63069,0.63099,0.0,0,1740617886546,134,0.0
1740617889,0.63068,0.63098,0.0,0,1740617889185,134,0.0
1740617911,0.63066,0.63096,0.0,0,1740617911296,134,0.0
1740617911,0.63065,0.63095,0.0,0,1740617911625,134,0.0
1740617920,0.63063,0.63093,0.0,0,1740617920205,134,0.0
1740617921,0.63064,0.63094,0.0,0,1740617921196,134,0.0
1740617923,0.63063,0.63093,0.0,0,1740617923835,134,0.0
1740617926,0.6306,0.6309,0.0,0,1740617926845,134,0.0
1740617931,0.63058,0.63088,0.0,0,1740617931140,134,0.0
1740617931,0.63059,0.63089,0.0,0,1740617931755,134,0.0
1740617940,0.63059,0.63089,0.0,0,1740617940007,130,0.0
1740617961,0.6306,0.6309,0.0,0,1740617961474,134,0.0
1740617966,0.63058,0.63088,0.0,0,1740617966076,134,0.0
1740617970,0.63059,0.63089,0.0,0,1740617970066,134,0.0
1740617975,0.63061,0.63091,0.0,0,1740617975977,134,0.0
1740617979,0.63062,0.63092,0.0,0,1740617979971,134,0.0
1740617992,0.63061,0.63091,0.0,0,1740617992509,134,0.0
1740617993,0.63062,0.63092,0.0,0,1740617993794,134,0.0
1740617997,0.63061,0.63091,0.0,0,1740617997426,134,0.0
1740618000,0.63061,0.63091,0.0,0,1740618000070,130,0.0
1740618000,0.63075,0.63082,0.0,0,1740618000169,134,0.0
1740618001,0.63073,0.63082,0.0,0,1740618001055,130,0.0
1740618003,0.63072,0.63081,0.0,0,1740618003696,134,0.0
1740618006,0.63073,0.63082,0.0,0,1740618006004,134,0.0
1740618008,0.63072,0.63081,0.0,0,1740618008316,134,0.0
1740618008,0.63074,0.63083,0.0,0,1740618008644,134,0.0
1740618009,0.63073,0.63082,0.0,0,1740618009642,134,0.0
1740618009,0.63072,0.63081,0.0,0,1740618009966,134,0.0
1740618010,0.63069,0.63078,0.0,0,1740618010955,134,0.0
1740618011,0.6307,0.63079,0.0,0,1740618011615,134,0.0
1740618012,0.63069,0.63078,0.0,0,1740618012275,134,0.0
1740618012,0.6307,0.63079,0.0,0,1740618012606,134,0.0
1740618013,0.63071,0.6308,0.0,0,1740618013597,134,0.0
1740618014,0.6307,0.63079,0.0,0,1740618014914,134,0.0
1740618016,0.63071,0.6308,0.0,0,1740618016896,134,0.0
1740618017,0.6307,0.63079,0.0,0,1740618017555,134,0.0
1740618018,0.63073,0.63082,0.0,0,1740618018875,134,0.0
1740618019,0.63076,0.63085,0.0,0,1740618019534,134,0.0
1740618025,0.63078,0.63087,0.0,0,1740618025806,134,0.0
1740618026,0.63079,0.63088,0.0,0,1740618026136,134,0.0
1740618026,0.63078,0.63087,0.0,0,1740618026796,134,0.0
1740618027,0.63077,0.63086,0.0,0,1740618027456,134,0.0
1740618029,0.63072,0.63081,0.0,0,1740618029435,134,0.0
1740618029,0.63073,0.63082,0.0,0,1740618029765,134,0.0
1740618033,0.63072,0.63081,0.0,0,1740618033074,134,0.0
1740618039,0.6307,0.63079,0.0,0,1740618039335,134,0.0
1740618039,0.63071,0.6308,0.0,0,1740618039662,134,0.0
1740618040,0.63073,0.63078,0.0,0,1740618040325,134,0.0
1740618041,0.63074,0.63079,0.0,0,1740618041643,134,0.0
1740618043,0.63074,0.63078,0.0,0,1740618043299,4,0.0
1740618047,0.63073,0.63077,0.0,0,1740618047586,134,0.0
1740618049,0.63074,0.63077,0.0,0,1740618049234,130,0.0
1740618050,0.63073,0.63076,0.0,0,1740618050886,134,0.0
1740618056,0.63072,0.63075,0.0,0,1740618056830,134,0.0
1740618057,0.63073,0.63076,0.0,0,1740618057814,134,0.0
1740618059,0.63073,0.63077,0.0,0,1740618059133,4,0.0
1740618060,0.63073,0.63077,0.0,0,1740618060125,130,0.0
1740618063,0.63073,0.63076,0.0,0,1740618063095,4,0.0
1740618065,0.63072,0.63075,0.0,0,1740618065741,134,0.0
1740618077,0.63074,0.63077,0.0,0,1740618077285,134,0.0
1740618078,0.63073,0.63078,0.0,0,1740618078275,134,0.0
1740618080,0.63074,0.63078,0.0,0,1740618080254,130,0.0
1740618082,0.63073,0.63077,0.0,0,1740618082564,134,0.0
1740618085,0.63074,0.63078,0.0,0,1740618085534,134,0.0
1740618099,0.63074,0.63077,0.0,0,1740618099064,4,0.0
1740618103,0.63073,0.63077,0.0,0,1740618103046,130,0.0
1740618103,0.63074,0.63078,0.0,0,1740618103685,134,0.0
1740618115,0.63074,0.63077,0.0,0,1740618115233,4,0.0
1740618120,0.63074,0.63077,0.0,0,1740618120188,130,0.0
1740618122,0.63073,0.63077,0.0,0,1740618122164,130,0.0
1740618135,0.63073,0.63078,0.0,0,1740618135069,4,0.0
1740618137,0.63071,0.63076,0.0,0,1740618137713,134,0.0
1740618138,0.63072,0.63077,0.0,0,1740618138039,134,0.0
1740618138,0.6307,0.63075,0.0,0,1740618138368,134,0.0
1740618138,0.63072,0.63077,0.0,0,1740618138702,134,0.0
1740618140,0.63071,0.63076,0.0,0,1740618140349,134,0.0
1740618141,0.63073,0.63078,0.0,0,1740618141338,134,0.0
1740618147,0.63071,0.63076,0.0,0,1740618147938,134,0.0
1740618152,0.6307,0.63075,0.0,0,1740618152559,134,0.0
1740618159,0.63069,0.63074,0.0,0,1740618159158,134,0.0
1740618167,0.63069,0.63073,0.0,0,1740618167077,4,0.0
1740618174,0.6307,0.63073,0.0,0,1740618174337,130,0.0
1740618180,0.63071,0.63075,0.0,0,1740618180279,134,0.0
1740618180,0.6307,0.63074,0.0,0,1740618180940,134,0.0
1740618185,0.63071,0.63074,0.0,0,1740618185226,130,0.0
1740618201,0.63068,0.63071,0.0,0,1740618201397,134,0.0
1740618202,0.63067,0.63072,0.0,0,1740618202058,134,0.0
1740618203,0.63066,0.63071,0.0,0,1740618203061,134,0.0
1740618206,0.63069,0.63074,0.0,0,1740618206018,134,0.0
1740618207,0.6307,0.63075,0.0,0,1740618207337,134,0.0
1740618211,0.63068,0.63073,0.0,0,1740618211299,134,0.0
1740618211,0.63067,0.63072,0.0,0,1740618211629,134,0.0
1740618227,0.63068,0.63072,0.0,0,1740618227136,130,0.0
1740618228,0.6307,0.63074,0.0,0,1740618228128,134,0.0
1740618229,0.63069,0.63074,0.0,0,1740618229117,130,0.0
1740618236,0.6307,0.63074,0.0,0,1740618236377,130,0.0
1740618240,0.6307,0.63074,0.0,0,1740618240008,130,0.0
1740618240,0.63071,0.63075,0.0,0,1740618240665,134,0.0
1740618241,0.63071,0.63076,0.0,0,1740618241326,4,0.0
1740618244,0.63071,0.63075,0.0,0,1740618244299,4,0.0
1740618249,0.63073,0.63077,0.0,0,1740618249248,134,0.0
1740618253,0.63072,0.63077,0.0,0,1740618253208,130,0.0
1740618254,0.63075,0.6308,0.0,0,1740618254857,134,0.0
1740618255,0.63078,0.63083,0.0,0,1740618255846,134,0.0
1740618258,0.63077,0.63082,0.0,0,1740618258489,134,0.0
1740618263,0.63078,0.63083,0.0,0,1740618263767,134,0.0
1740618269,0.63076,0.63081,0.0,0,1740618269047,134,0.0
1740618269,0.63077,0.63082,0.0,0,1740618269399,134,0.0
1740618272,0.63076,0.63081,0.0,0,1740618272346,134,0.0
1740618273,0.63075,0.6308,0.0,0,1740618273997,134,0.0
1740618276,0.63074,0.63079,0.0,0,1740618276319,134,0.0
1740618278,0.63075,0.63079,0.0,0,1740618278286,130,0.0
1740618282,0.63075,0.63078,0.0,0,1740618282247,4,0.0
1740618288,0.63077,0.6308,0.0,0,1740618288517,134,0.0
1740618290,0.63076,0.6308,0.0,0,1740618290168,130,0.0
1740618293,0.63077,0.6308,0.0,0,1740618293135,130,0.0
1740618293,0.63076,0.63079,0.0,0,1740618293798,134,0.0
1740618300,0.63076,0.63079,0.0,0,1740618300066,130,0.0
1740618301,0.63078,0.63081,0.0,0,1740618301387,134,0.0
1740618303,0.63077,0.63082,0.0,0,1740618303366,134,0.0
1740618308,0.63078,0.63082,0.0,0,1740618308318,130,0.0
1740618310,0.63077,0.63081,0.0,0,1740618310955,134,0.0
1740618311,0.63078,0.63082,0.0,0,1740618311617,134,0.0
1740618315,0.63078,0.63081,0.0,0,1740618315246,4,0.0
1740618323,0.63079,0.63082,0.0,0,1740618323825,134,0.0
1740618341,0.6308,0.63083,0.0,0,1740618341331,134,0.0
1740618352,0.63083,0.63086,0.0,0,1740618352536,134,0.0
1740618352,0.63082,0.63085,0.0,0,1740618352866,134,0.0
1740618353,0.63081,0.63084,0.0,0,1740618353195,134,0.0
1740618354,0.63081,0.63086,0.0,0,1740618354190,4,0.0
1740618360,0.63081,0.63086,0.0,0,1740618360127,130,0.0
1740618360,0.6308,0.63085,0.0,0,1740618360787,134,0.0
1740618366,0.63081,0.63086,0.0,0,1740618366396,134,0.0
1740618376,0.6308,0.63085,0.0,0,1740618376956,134,0.0
1740618378,0.63081,0.63086,0.0,0,1740618378935,134,0.0
1740618381,0.6308,0.63085,0.0,0,1740618381283,134,0.0
1740618385,0.63079,0.63084,0.0,0,1740618385228,134,0.0
1740618385,0.6308,0.63085,0.0,0,1740618385581,134,0.0
1740618392,0.63084,0.63089,0.0,0,1740618392137,134,0.0
1740618403,0.63083,0.63088,0.0,0,1740618403026,134,0.0
1740618408,0.63084,0.63089,0.0,0,1740618408636,134,0.0
1740618412,0.63084,0.63088,0.0,0,1740618412265,4,0.0
1740618417,0.63085,0.63088,0.0,0,1740618417214,130,0.0
1740618417,0.63084,0.63087,0.0,0,1740618417545,134,0.0
1740618417,0.63085,0.63088,0.0,0,1740618417884,134,0.0
1740618418,0.63084,0.63088,0.0,0,1740618418205,130,0.0
1740618420,0.63084,0.63088,0.0,0,1740618420186,130,0.0
1740618421,0.63085,0.63088,0.0,0,1740618421178,130,0.0
1740618422,0.63084,0.63087,0.0,0,1740618422495,134,0.0
1740618448,0.63083,0.63087,0.0,0,1740618448236,130,0.0
1740618452,0.63084,0.63088,0.0,0,1740618452196,134,0.0
1740618456,0.63083,0.63087,0.0,0,1740618456818,134,0.0
1740618459,0.63087,0.63091,0.0,0,1740618459124,134,0.0
1740618459,0.63089,0.63093,0.0,0,1740618459785,134,0.0
1740618460,0.63088,0.63093,0.0,0,1740618460114,130,0.0
1740618470,0.63089,0.63094,0.0,0,1740618470015,134,0.0
1740618477,0.6309,0.63095,0.0,0,1740618477939,134,0.0
1740618480,0.6309,0.63095,0.0,0,1740618480243,130,0.0
1740618481,0.63088,0.63093,0.0,0,1740618481896,134,0.0
1740618484,0.63089,0.63094,0.0,0,1740618484867,134,0.0
1740618491,0.63088,0.63093,0.0,0,1740618491133,134,0.0
1740618495,0.63088,0.63092,0.0,0,1740618495094,4,0.0
1740618496,0.63089,0.63093,0.0,0,1740618496414,134,0.0
1740618497,0.63089,0.63094,0.0,0,1740618497086,4,0.0
1740618499,0.63089,0.63093,0.0,0,1740618499058,4,0.0
1740618504,0.6309,0.63093,0.0,0,1740618504334,130,0.0
1740618506,0.63089,0.63092,0.0,0,1740618506316,134,0.0
1740618514,0.63087,0.6309,0.0,0,1740618514573,134,0.0
1740618515,0.63086,0.63091,0.0,0,1740618515225,134,0.0
1740618521,0.63087,0.63092,0.0,0,1740618521494,134,0.0
1740618521,0.63088,0.63093,0.0,0,1740618521848,134,0.0
1740618523,0.63087,0.63092,0.0,0,1740618523474,134,0.0
1740618526,0.63088,0.63093,0.0,0,1740618526802,134,0.0
1740618527,0.63087,0.63092,0.0,0,1740618527106,134,0.0
1740618528,0.63088,0.63092,0.0,0,1740618528095,130,0.0
1740618530,0.6309,0.63094,0.0,0,1740618530735,134,0.0
1740618531,0.63089,0.63094,0.0,0,1740618531063,130,0.0
1740618533,0.6309,0.63095,0.0,0,1740618533705,134,0.0
1740618537,0.6309,0.63094,0.0,0,1740618537335,4,0.0
1740618540,0.63091,0.63094,0.0,0,1740618540305,130,0.0
1740618540,0.63092,0.63095,0.0,0,1740618540964,134,0.0
1740618542,0.63091,0.63096,0.0,0,1740618542288,134,0.0
1740618548,0.63091,0.63095,0.0,0,1740618548226,4,0.0
1740618548,0.6309,0.63094,0.0,0,1740618548883,134,0.0
1740618550,0.63089,0.63094,0.0,0,1740618550204,130,0.0
1740618556,0.6309,0.63094,0.0,0,1740618556143,130,0.0
1740618559,0.63091,0.63094,0.0,0,1740618559112,130,0.0
1740618570,0.63092,0.63095,0.0,0,1740618570994,134,0.0
1740618580,0.63093,0.63096,0.0,0,1740618580260,134,0.0
1740618580,0.63094,0.63097,0.0,0,1740618580565,134,0.0
1740618581,0.63093,0.63098,0.0,0,1740618581223,134,0.0
1740618586,0.63092,0.63097,0.0,0,1740618586174,134,0.0
1740618587,0.63093,0.63098,0.0,0,1740618587494,134,0.0
1740618592,0.63093,0.63097,0.0,0,1740618592113,4,0.0
1740618593,0.63092,0.63097,0.0,0,1740618593104,130,0.0
1740618594,0.63093,0.63097,0.0,0,1740618594093,130,0.0
1740618600,0.63093,0.63097,0.0,0,1740618600034,130,0.0
1740618600,0.63094,0.63097,0.0,0,1740618600106,130,0.0
1740618601,0.63093,0.63097,0.0,0,1740618601353,130,0.0
1740618601,0.63094,0.63098,0.0,0,1740618601390,134,0.0
1740618602,0.63093,0.63097,0.0,0,1740618602015,134,0.0
1740618603,0.63092,0.63097,0.0,0,1740618603335,130,0.0
1740618605,0.63093,0.63098,0.0,0,1740618605032,134,0.0
1740618610,0.63094,0.63099,0.0,0,1740618610924,134,0.0
1740618613,0.63094,0.63098,0.0,0,1740618613235,4,0.0
1740618614,0.63095,0.63099,0.0,0,1740618614555,134,0.0
1740618618,0.63094,0.63098,0.0,0,1740618618182,134,0.0
1740618618,0.63093,0.63097,0.0,0,1740618618223,134,0.0
1740618618,0.63091,0.63095,0.0,0,1740618618512,134,0.0
1740618618,0.63092,0.63096,0.0,0,1740618618879,134,0.0
1740618619,0.63091,0.63096,0.0,0,1740618619173,130,0.0
1740618619,0.63092,0.63097,0.0,0,1740618619835,134,0.0
1740618619,0.63093,0.63098,0.0,0,1740618619842,134,0.0
1740618628,0.63092,0.63097,0.0,0,1740618628084,134,0.0
1740618628,0.63091,0.63096,0.0,0,1740618628744,134,0.0
1740618630,0.63092,0.63097,0.0,0,1740618630064,134,0.0
1740618631,0.63091,0.63096,0.0,0,1740618631418,134,0.0
1740618640,0.6309,0.63095,0.0,0,1740618640317,134,0.0
1740618641,0.63091,0.63095,0.0,0,1740618641283,130,0.0
1740618646,0.63092,0.63096,0.0,0,1740618646562,134,0.0
1740618647,0.63093,0.63097,0.0,0,1740618647223,134,0.0
1740618648,0.63092,0.63096,0.0,0,1740618648544,134,0.0
1740618651,0.63094,0.63098,0.0,0,1740618651843,134,0.0
1740618652,0.63093,0.63098,0.0,0,1740618652172,130,0.0
1740618653,0.63092,0.63097,0.0,0,1740618653166,134,0.0
1740618654,0.63091,0.63096,0.0,0,1740618654151,134,0.0
1740618654,0.63092,0.63097,0.0,0,1740618654483,134,0.0
1740618654,0.63093,0.63098,0.0,0,1740618654488,134,0.0
1740618654,0.63092,0.63097,0.0,0,1740618654812,134,0.0
1740618659,0.63088,0.63093,0.0,0,1740618659436,134,0.0
1740618659,0.63089,0.63094,0.0,0,1740618659438,134,0.0
1740618660,0.63089,0.63094,0.0,0,1740618660093,130,0.0
1740618660,0.6309,0.63095,0.0,0,1740618660753,134,0.0
1740618661,0.63088,0.63093,0.0,0,1740618661413,134,0.0
1740618662,0.63087,0.63092,0.0,0,1740618662077,134,0.0
1740618662,0.63088,0.63093,0.0,0,1740618662404,134,0.0
1740618665,0.6309,0.63095,0.0,0,1740618665373,134,0.0
1740618666,0.63089,0.63094,0.0,0,1740618666693,134,0.0
1740618667,0.63084,0.63089,0.0,0,1740618667023,134,0.0
1740618667,0.63083,0.63088,0.0,0,1740618667355,134,0.0
1740618668,0.63084,0.63089,0.0,0,1740618668012,134,0.0
1740618670,0.63085,0.6309,0.0,0,1740618670323,134,0.0
1740618670,0.63084,0.63089,0.0,0,1740618670652,134,0.0
1740618671,0.63085,0.6309,0.0,0,1740618671315,134,0.0
1740618671,0.63086,0.63091,0.0,0,1740618671688,134,0.0
1740618672,0.63087,0.63092,0.0,0,1740618672304,134,0.0
1740618674,0.63089,0.63094,0.0,0,1740618674284,134,0.0
1740618674,0.63091,0.63096,0.0,0,1740618674944,134,0.0
1740618677,0.63089,0.63094,0.0,0,1740618677253,134,0.0
1740618678,0.63086,0.63091,0.0,0,1740618678241,134,0.0
1740618678,0.63085,0.6309,0.0,0,1740618678903,134,0.0
1740618679,0.63084,0.63089,0.0,0,1740618679231,134,0.0
1740618679,0.63083,0.63088,0.0,0,1740618679894,134,0.0
1740618682,0.63084,0.63089,0.0,0,1740618682202,134,0.0
1740618684,0.63083,0.63088,0.0,0,1740618684842,134,0.0
1740618688,0.63085,0.6309,0.0,0,1740618688143,134,0.0
1740618688,0.63086,0.63091,0.0,0,1740618688171,134,0.0
1740618689,0.63087,0.63092,0.0,0,1740618689462,134,0.0
1740618690,0.63085,0.6309,0.0,0,1740618690453,134,0.0
1740618692,0.63084,0.63089,0.0,0,1740618692104,134,0.0
1740618693,0.63085,0.6309,0.0,0,1740618693754,134,0.0
1740618695,0.63084,0.63089,0.0,0,1740618695073,134,0.0
1740618697,0.63085,0.63089,0.0,0,1740618697075,130,0.0
1740618700,0.63084,0.63088,0.0,0,1740618700023,134,0.0
1740618703,0.63085,0.63088,0.0,0,1740618703323,130,0.0
1740618712,0.63083,0.63086,0.0,0,1740618712894,134,0.0
1740618716,0.63083,0.63087,0.0,0,1740618716192,4,0.0
1740618716,0.63084,0.63088,0.0,0,1740618716853,134,0.0
1740618719,0.63084,0.63087,0.0,0,1740618719165,4,0.0
1740618720,0.63083,0.63086,0.0,0,1740618720153,134,0.0
1740618723,0.63081,0.63084,0.0,0,1740618723452,134,0.0
1740618725,0.63081,0.63085,0.0,0,1740618725104,4,0.0
1740618732,0.63081,0.63084,0.0,0,1740618732070,4,0.0
1740618734,0.63082,0.63085,0.0,0,1740618734342,134,0.0
1740618735,0.63081,0.63084,0.0,0,1740618735991,134,0.0
1740618736,0.63081,0.63085,0.0,0,1740618736323,4,0.0
1740618742,0.6308,0.63084,0.0,0,1740618742638,134,0.0
1740618743,0.63079,0.63083,0.0,0,1740618743583,134,0.0
1740618755,0.63078,0.63082,0.0,0,1740618755132,134,0.0
1740618761,0.63077,0.63081,0.0,0,1740618761074,134,0.0
1740618762,0.63078,0.63082,0.0,0,1740618762062,134,0.0
1740618762,0.63077,0.63081,0.0,0,1740618762393,134,0.0
1740618773,0.63078,0.63082,0.0,0,1740618773979,134,0.0
1740618776,0.63077,0.63081,0.0,0,1740618776582,134,0.0
1740618778,0.63078,0.63082,0.0,0,1740618778231,134,0.0
1740618780,0.63078,0.63082,0.0,0,1740618780212,130,0.0
1740618781,0.63079,0.63083,0.0,0,1740618781866,134,0.0
1740618812,0.63079,0.63084,0.0,0,1740618812222,4,0.0
1740618815,0.63078,0.63083,0.0,0,1740618815192,134,0.0
1740618815,0.63079,0.63084,0.0,0,1740618815551,134,0.0
1740618815,0.63078,0.63083,0.0,0,1740618815853,134,0.0
1740618822,0.63079,0.63084,0.0,0,1740618822453,134,0.0
1740618825,0.6308,0.63085,0.0,0,1740618825751,134,0.0
1740618826,0.63078,0.63083,0.0,0,1740618826083,134,0.0
1740618827,0.63079,0.63084,0.0,0,1740618827402,134,0.0
1740618829,0.63078,0.63083,0.0,0,1740618829054,134,0.0
1740618830,0.63079,0.63084,0.0,0,1740618830042,134,0.0
1740618831,0.63078,0.63083,0.0,0,1740618831692,134,0.0
1740618832,0.63077,0.63082,0.0,0,1740618832022,134,0.0
1740618835,0.63079,0.63084,0.0,0,1740618835321,134,0.0
1740618836,0.63078,0.63083,0.0,0,1740618836311,134,0.0
1740618837,0.63079,0.63084,0.0,0,1740618837336,134,0.0
1740618840,0.63079,0.63084,0.0,0,1740618840271,130,0.0
1740618841,0.63078,0.63083,0.0,0,1740618841921,134,0.0
1740618842,0.63077,0.63082,0.0,0,1740618842582,134,0.0
1740618844,0.63078,0.63083,0.0,0,1740618844232,134,0.0
1740618855,0.63078,0.63082,0.0,0,1740618855121,4,0.0
1740618860,0.63079,0.63082,0.0,0,1740618860071,130,0.0
1740618866,0.63082,0.63085,0.0,0,1740618866672,134,0.0
1740618868,0.63081,0.63086,0.0,0,1740618868320,134,0.0
1740618873,0.6308,0.63085,0.0,0,1740618873639,134,0.0
1740618884,0.6308,0.63084,0.0,0,1740618884160,4,0.0
1740618888,0.63081,0.63084,0.0,0,1740618888122,130,0.0
1740618895,0.6308,0.63083,0.0,0,1740618895715,134,0.0
1740618896,0.63079,0.63082,0.0,0,1740618896042,134,0.0
1740618897,0.63078,0.63083,0.0,0,1740618897055,134,0.0
1740618900,0.63078,0.63083,0.0,0,1740618900002,130,0.0
1740618902,0.63079,0.63084,0.0,0,1740618902675,134,0.0
1740618907,0.63079,0.63083,0.0,0,1740618907262,4,0.0
1740618910,0.6308,0.63083,0.0,0,1740618910232,130,0.0
1740618936,0.63081,0.63084,0.0,0,1740618936629,134,0.0
1740618936,0.63082,0.63085,0.0,0,1740618936958,134,0.0
1740618937,0.63083,0.63088,0.0,0,1740618937293,134,0.0
1740618944,0.63082,0.63087,0.0,0,1740618944879,134,0.0
1740618951,0.63083,0.63088,0.0,0,1740618951811,134,0.0
1740618951,0.63084,0.63089,0.0,0,1740618951823,134,0.0
1740618953,0.63083,0.63088,0.0,0,1740618953791,134,0.0
1740618955,0.63084,0.63089,0.0,0,1740618955771,134,0.0
1740618960,0.63084,0.63089,0.0,0,1740618960061,130,0.0
1740618962,0.63085,0.63089,0.0,0,1740618962084,130,0.0
1740618966,0.63085,0.63088,0.0,0,1740618966330,4,0.0
1740618972,0.63086,0.63089,0.0,0,1740618972930,134,0.0
1740618973,0.63087,0.6309,0.0,0,1740618973590,134,0.0
1740618974,0.63086,0.63091,0.0,0,1740618974249,134,0.0
1740618981,0.63085,0.6309,0.0,0,1740618981842,134,0.0
1740618984,0.63086,0.6309,0.0,0,1740618984153,130,0.0
1740618987,0.63087,0.6309,0.0,0,1740618987120,130,0.0
1740619020,0.63087,0.6309,0.0,0,1740619020118,130,0.0
1740619021,0.63087,0.63091,0.0,0,1740619021109,4,0.0
1740619025,0.63086,0.6309,0.0,0,1740619025070,134,0.0
1740619026,0.63085,0.6309,0.0,0,1740619026060,130,0.0
1740619028,0.63086,0.6309,0.0,0,1740619028064,130,0.0
1740619029,0.63085,0.63089,0.0,0,1740619029030,134,0.0
1740619029,0.63087,0.63091,0.0,0,1740619029358,134,0.0
1740619030,0.63086,0.63091,0.0,0,1740619030038,130,0.0
1740619035,0.63087,0.63091,0.0,0,1740619035299,130,0.0
1740619050,0.63086,0.6309,0.0,0,1740619050810,134,0.0
1740619051,0.63085,0.6309,0.0,0,1740619051141,130,0.0
1740619061,0.63086,0.63091,0.0,0,1740619061700,134,0.0
1740619073,0.63087,0.63091,0.0,0,1740619073251,130,0.0
1740619080,0.63087,0.63091,0.0,0,1740619080179,130,0.0
1740619083,0.63087,0.6309,0.0,0,1740619083150,4,0.0
1740619096,0.63088,0.63091,0.0,0,1740619096349,134,0.0
1740619097,0.63086,0.63091,0.0,0,1740619097338,130,0.0
1740619103,0.63084,0.63089,0.0,0,1740619103279,134,0.0
1740619128,0.63085,0.63089,0.0,0,1740619128057,130,0.0
1740619135,0.63087,0.63091,0.0,0,1740619135290,134,0.0
1740619136,0.63086,0.63091,0.0,0,1740619136278,130,0.0
1740619137,0.63087,0.63092,0.0,0,1740619137965,134,0.0
1740619138,0.63088,0.63093,0.0,0,1740619138258,134,0.0
1740619138,0.63089,0.63094,0.0,0,1740619138919,134,0.0
1740619140,0.63089,0.63094,0.0,0,1740619140238,130,0.0
1740619143,0.63087,0.63092,0.0,0,1740619143219,134,0.0
1740619148,0.63086,0.63091,0.0,0,1740619148166,134,0.0
1740619148,0.63084,0.63089,0.0,0,1740619148820,134,0.0
1740619149,0.63085,0.6309,0.0,0,1740619149150,134,0.0
1740619150,0.63087,0.63092,0.0,0,1740619150140,134,0.0
1740619167,0.63088,0.63092,0.0,0,1740619167298,130,0.0
1740619174,0.63089,0.63092,0.0,0,1740619174228,130,0.0
1740619176,0.63091,0.63094,0.0,0,1740619176538,134,0.0
1740619178,0.6309,0.63095,0.0,0,1740619178186,134,0.0
1740619178,0.63088,0.63093,0.0,0,1740619178851,134,0.0
1740619178,0.63089,0.63094,0.0,0,1740619178891,134,0.0
1740619179,0.63088,0.63093,0.0,0,1740619179506,134,0.0
1740619184,0.63089,0.63094,0.0,0,1740619184789,134,0.0
1740619193,0.6309,0.63094,0.0,0,1740619193055,130,0.0
1740619197,0.6309,0.63093,0.0,0,1740619197328,4,0.0
1740619200,0.63091,0.63094,0.0,0,1740619200297,134,0.0
1740619200,0.6309,0.63093,0.0,0,1740619200629,134,0.0
1740619201,0.63089,0.63092,0.0,0,1740619201286,134,0.0
1740619202,0.63089,0.63093,0.0,0,1740619202276,4,0.0
1740619203,0.63088,0.63092,0.0,0,1740619203597,134,0.0
1740619206,0.63089,0.63093,0.0,0,1740619206239,134,0.0
1740619206,0.6309,0.63094,0.0,0,1740619206566,134,0.0
1740619207,0.63089,0.63094,0.0,0,1740619207228,130,0.0
1740619210,0.63092,0.63097,0.0,0,1740619210198,134,0.0
1740619213,0.63093,0.63098,0.0,0,1740619213168,134,0.0
1740619213,0.63092,0.63097,0.0,0,1740619213174,134,0.0
1740619214,0.63091,0.63096,0.0,0,1740619214817,134,0.0
1740619215,0.63089,0.63094,0.0,0,1740619215150,134,0.0
1740619220,0.63087,0.63092,0.0,0,1740619220426,134,0.0
1740619229,0.63088,0.63093,0.0,0,1740619229998,134,0.0
1740619233,0.63089,0.63093,0.0,0,1740619233297,130,0.0
1740619235,0.6309,0.63094,0.0,0,1740619235607,134,0.0
1740619236,0.63089,0.63093,0.0,0,1740619236598,134,0.0
1740619241,0.6309,0.63093,0.0,0,1740619241220,130,0.0
1740619260,0.6309,0.63093,0.0,0,1740619260029,130,0.0
1740619265,0.63089,0.63092,0.0,0,1740619265309,134,0.0
1740619275,0.6309,0.63093,0.0,0,1740619275869,134,0.0
1740619282,0.63089,0.63092,0.0,0,1740619282796,134,0.0
1740619284,0.63087,0.63092,0.0,0,1740619284117,130,0.0
1740619290,0.63088,0.63092,0.0,0,1740619290056,130,0.0
1740619299,0.63093,0.63097,0.0,0,1740619299297,134,0.0
1740619299,0.63094,0.63098,0.0,0,1740619299963,134,0.0
1740619300,0.63093,0.63098,0.0,0,1740619300286,130,0.0
1740619320,0.63093,0.63098,0.0,0,1740619320089,130,0.0
1740619320,0.63092,0.63097,0.0,0,1740619320747,134,0.0
1740619321,0.63093,0.63097,0.0,0,1740619321076,130,0.0
1740619329,0.63094,0.63097,0.0,0,1740619329327,130,0.0
1740619333,0.63091,0.63094,0.0,0,1740619333290,134,0.0
1740619333,0.6309,0.63093,0.0,0,1740619333300,134,0.0
1740619333,0.63091,0.63094,0.0,0,1740619333617,134,0.0
1740619333,0.63092,0.63095,0.0,0,1740619333946,134,0.0
1740619333,0.63091,0.63094,0.0,0,1740619333958,134,0.0
1740619334,0.6309,0.63095,0.0,0,1740619334280,134,0.0
1740619339,0.63089,0.63094,0.0,0,1740619339271,134,0.0
1740619345,0.6309,0.63095,0.0,0,1740619345166,134,0.0
1740619347,0.63091,0.63095,0.0,0,1740619347146,130,0.0
1740619351,0.6309,0.63094,0.0,0,1740619351111,134,0.0
1740619353,0.63091,0.63094,0.0,0,1740619353088,130,0.0
1740619361,0.6309,0.63093,0.0,0,1740619361994,134,0.0
1740619362,0.63089,0.63092,0.0,0,1740619362656,134,0.0
1740619363,0.63088,0.63093,0.0,0,1740619363316,134,0.0
1740619364,0.63089,0.63094,0.0,0,1740619364637,134,0.0
1740619371,0.6309,0.63094,0.0,0,1740619371236,130,0.0
1740619373,0.63089,0.63094,0.0,0,1740619373215,130,0.0
1740619374,0.6309,0.63094,0.0,0,1740619374205,130,0.0
1740619378,0.63091,0.63094,0.0,0,1740619378167,130,0.0
1740619380,0.63091,0.63094,0.0,0,1740619380145,130,0.0
1740619383,0.63089,0.63092,0.0,0,1740619383776,134,0.0
1740619384,0.63086,0.63089,0.0,0,1740619384106,134,0.0
1740619385,0.63084,0.63089,0.0,0,1740619385095,130,0.0
1740619385,0.63083,0.63088,0.0,0,1740619385142,134,0.0
1740619386,0.63084,0.63089,0.0,0,1740619386104,134,0.0
1740619387,0.63083,0.63088,0.0,0,1740619387075,134,0.0
1740619395,0.63084,0.63089,0.0,0,1740619395655,134,0.0
1740619396,0.63083,0.63088,0.0,0,1740619396646,134,0.0
1740619398,0.63084,0.63089,0.0,0,1740619398297,134,0.0
1740619398,0.63083,0.63088,0.0,0,1740619398956,134,0.0
1740619401,0.63087,0.63092,0.0,0,1740619401595,134,0.0
1740619415,0.63088,0.63092,0.0,0,1740619415126,130,0.0
1740619420,0.63089,0.63092,0.0,0,1740619420074,130,0.0
1740619420,0.63088,0.63091,0.0,0,1740619420423,134,0.0
1740619420,0.63087,0.6309,0.0,0,1740619420735,134,0.0
1740619421,0.63088,0.63091,0.0,0,1740619421065,134,0.0
1740619421,0.63087,0.63091,0.0,0,1740619421078,130,0.0
1740619422,0.63086,0.6309,0.0,0,1740619422715,134,0.0
1740619427,0.63083,0.63087,0.0,0,1740619427005,134,0.0
1740619427,0.63084,0.63088,0.0,0,1740619427335,134,0.0
1740619428,0.63083,0.63088,0.0,0,1740619428324,130,0.0
1740619433,0.63082,0.63087,0.0,0,1740619433936,134,0.0
1740619434,0.63083,0.63087,0.0,0,1740619434266,130,0.0
1740619438,0.63084,0.63087,0.0,0,1740619438228,130,0.0
1740619440,0.63084,0.63087,0.0,0,1740619440203,130,0.0
1740619472,0.63085,0.63088,0.0,0,1740619472216,134,0.0
1740619475,0.63084,0.63087,0.0,0,1740619475186,134,0.0
1740619476,0.63084,0.63088,0.0,0,1740619476174,4,0.0
1740619485,0.63084,0.63087,0.0,0,1740619485084,4,0.0
1740619500,0.63084,0.63087,0.0,0,1740619500266,130,0.0
1740619502,0.63083,0.63087,0.0,0,1740619502245,130,0.0
1740619502,0.63086,0.6309,0.0,0,1740619502911,134,0.0
1740619503,0.63086,0.63091,0.0,0,1740619503234,4,0.0
1740619503,0.63085,0.6309,0.0,0,1740619503569,134,0.0
1740619503,0.63086,0.63091,0.0,0,1740619503894,134,0.0
1740619504,0.63087,0.63092,0.0,0,1740619504224,134,0.0
1740619508,0.63086,0.63091,0.0,0,1740619508185,134,0.0
1740619525,0.63087,0.63091,0.0,0,1740619525047,130,0.0
1740619529,0.63088,0.63092,0.0,0,1740619529965,134,0.0
1740619531,0.63087,0.63091,0.0,0,1740619531948,134,0.0
1740619531,0.63088,0.63092,0.0,0,1740619531978,134,0.0
1740619533,0.63089,0.63093,0.0,0,1740619533264,134,0.0
1740619533,0.63088,0.63092,0.0,0,1740619533289,134,0.0
1740619534,0.63087,0.63091,0.0,0,1740619534254,134,0.0
1740619535,0.63086,0.63091,0.0,0,1740619535245,130,0.0
1740619538,0.63087,0.63092,0.0,0,1740619538216,134,0.0
1740619538,0.63088,0.63093,0.0,0,1740619538238,134,0.0
1740619539,0.63087,0.63092,0.0,0,1740619539864,134,0.0
1740619541,0.63086,0.63091,0.0,0,1740619541184,134,0.0
1740619550,0.63087,0.63092,0.0,0,1740619550425,134,0.0
1740619553,0.63088,0.63093,0.0,0,1740619553725,134,0.0
1740619555,0.63087,0.63092,0.0,0,1740619555725,134,0.0
1740619559,0.63088,0.63093,0.0,0,1740619559005,134,0.0
1740619560,0.63088,0.63093,0.0,0,1740619560029,130,0.0
1740619566,0.63089,0.63093,0.0,0,1740619566264,130,0.0
1740619568,0.63093,0.63098,0.0,0,1740619568243,134,0.0
1740619573,0.63094,0.63099,0.0,0,1740619573525,134,0.0
1740619576,0.63095,0.631,0.0,0,1740619576163,134,0.0
1740619581,0.63094,0.63099,0.0,0,1740619581774,134,0.0
1740619583,0.63095,0.631,0.0,0,1740619583424,134,0.0
1740619586,0.63096,0.63101,0.0,0,1740619586415,134,0.0
1740619592,0.63094,0.63099,0.0,0,1740619592996,134,0.0
1740619593,0.63096,0.63101,0.0,0,1740619593325,134,0.0
1740619593,0.63095,0.631,0.0,0,1740619593346,134,0.0
1740619593,0.63093,0.63098,0.0,0,1740619593984,134,0.0
1740619595,0.63092,0.63097,0.0,0,1740619595314,134,0.0
1740619595,0.6309,0.63095,0.0,0,1740619595670,134,0.0
1740619596,0.63089,0.63094,0.0,0,1740619596327,134,0.0
1740619598,0.63088,0.63093,0.0,0,1740619598275,134,0.0
1740619599,0.63087,0.63092,0.0,0,1740619599265,134,0.0
1740619600,0.63088,0.63093,0.0,0,1740619600253,134,0.0
1740619611,0.63091,0.63096,0.0,0,1740619611477,134,0.0
1740619612,0.63092,0.63096,0.0,0,1740619612133,130,0.0
1740619612,0.63093,0.63097,0.0,0,1740619612462,134,0.0
1740619612,0.63094,0.63098,0.0,0,1740619612794,134,0.0
1740619613,0.63093,0.63098,0.0,0,1740619613125,130,0.0
1740619620,0.63093,0.63098,0.0,0,1740619620053,130,0.0
1740619624,0.63094,0.63098,0.0,0,1740619624041,130,0.0
1740619628,0.63095,0.63098,0.0,0,1740619628304,130,0.0
1740619640,0.63094,0.63097,0.0,0,1740619640513,134,0.0
1740619642,0.63093,0.63096,0.0,0,1740619642825,134,0.0
1740619643,0.63094,0.63097,0.0,0,1740619643484,134,0.0
1740619644,0.63093,0.63096,0.0,0,1740619644143,134,0.0
1740619644,0.63094,0.63097,0.0,0,1740619644474,134,0.0
1740619650,0.63095,0.63098,0.0,0,1740619650411,134,0.0
1740619678,0.63094,0.63098,0.0,0,1740619678134,130,0.0
1740619680,0.63094,0.63098,0.0,0,1740619680113,130,0.0
1740619680,0.63095,0.63099,0.0,0,1740619680773,134,0.0
1740619686,0.63096,0.631,0.0,0,1740619686385,134,0.0
1740619687,0.63095,0.631,0.0,0,1740619687057,130,0.0
1740619697,0.63096,0.631,0.0,0,1740619697274,130,0.0
1740619701,0.63097,0.63101,0.0,0,1740619701233,134,0.0
1740619701,0.63096,0.631,0.0,0,1740619701564,134,0.0
1740619702,0.63095,0.631,0.0,0,1740619702224,130,0.0
1740619706,0.63096,0.63101,0.0,0,1740619706185,134,0.0
1740619708,0.63095,0.631,0.0,0,1740619708823,134,0.0
1740619717,0.63096,0.631,0.0,0,1740619717075,130,0.0
1740619720,0.63095,0.631,0.0,0,1740619720054,130,0.0
1740619722,0.63094,0.63099,0.0,0,1740619722684,134,0.0
1740619729,0.63095,0.63099,0.0,0,1740619729282,130,0.0
1740619736,0.63096,0.631,0.0,0,1740619736214,134,0.0
1740619737,0.63095,0.631,0.0,0,1740619737203,130,0.0
1740619740,0.63095,0.631,0.0,0,1740619740172,130,0.0
1740619740,0.63094,0.63099,0.0,0,1740619740538,134,0.0
1740619745,0.63095,0.631,0.0,0,1740619745452,134,0.0
1740619747,0.63094,0.63099,0.0,0,1740619747767,134,0.0
1740619750,0.63095,0.631,0.0,0,1740619750732,134,0.0
1740619751,0.63096,0.63101,0.0,0,1740619751723,134,0.0
1740619765,0.63097,0.63101,0.0,0,1740619765252,130,0.0
1740619766,0.63096,0.631,0.0,0,1740619766572,134,0.0
1740619767,0.63095,0.631,0.0,0,1740619767233,130,0.0
1740619768,0.63096,0.631,0.0,0,1740619768224,130,0.0
1740619770,0.63095,0.631,0.0,0,1740619770203,130,0.0
1740619771,0.63096,0.631,0.0,0,1740619771194,130,0.0
1740619775,0.63096,0.63099,0.0,0,1740619775151,4,0.0
1740619775,0.63094,0.63097,0.0,0,1740619775810,134,0.0
1740619777,0.63093,0.63098,0.0,0,1740619777132,134,0.0
1740619782,0.63092,0.63097,0.0,0,1740619782413,134,0.0
1740619788,0.63094,0.63099,0.0,0,1740619788684,134,0.0
1740619797,0.63099,0.63104,0.0,0,1740619797263,134,0.0
1740619800,0.63099,0.63104,0.0,0,1740619800233,130,0.0
1740619801,0.631,0.63105,0.0,0,1740619801224,134,0.0
1740619804,0.63099,0.63104,0.0,0,1740619804521,134,0.0
1740619804,0.631,0.63105,0.0,0,1740619804852,134,0.0
1740619807,0.63101,0.63106,0.0,0,1740619807187,134,0.0
1740619808,0.631,0.63105,0.0,0,1740619808483,134,0.0
1740619814,0.63103,0.63108,0.0,0,1740619814466,134,0.0
1740619817,0.63101,0.63106,0.0,0,1740619817391,134,0.0
1740619817,0.631,0.63105,0.0,0,1740619817402,134,0.0
1740619819,0.63099,0.63104,0.0,0,1740619819380,134,0.0
1740619819,0.63098,0.63103,0.0,0,1740619819702,134,0.0
1740619827,0.63101,0.63106,0.0,0,1740619827291,134,0.0
1740619828,0.631,0.63105,0.0,0,1740619828284,134,0.0
1740619829,0.63101,0.63106,0.0,0,1740619829948,134,0.0
1740619830,0.63102,0.63107,0.0,0,1740619830302,134,0.0
1740619831,0.63101,0.63106,0.0,0,1740619831621,134,0.0
1740619834,0.63099,0.63104,0.0,0,1740619834223,134,0.0
1740619835,0.631,0.63105,0.0,0,1740619835214,134,0.0
1740619844,0.63102,0.63106,0.0,0,1740619844120,134,0.0
1740619844,0.63101,0.63105,0.0,0,1740619844457,134,0.0
1740619847,0.63102,0.63106,0.0,0,1740619847437,134,0.0
1740619849,0.63102,0.63105,0.0,0,1740619849070,4,0.0
1740619853,0.63099,0.63102,0.0,0,1740619853691,134,0.0
1740619854,0.63097,0.63102,0.0,0,1740619854351,130,0.0
1740619857,0.63102,0.63107,0.0,0,1740619857320,134,0.0
1740619857,0.63103,0.63108,0.0,0,1740619857343,134,0.0
1740619858,0.63101,0.63106,0.0,0,1740619858973,134,0.0
1740619860,0.63101,0.63106,0.0,0,1740619860292,130,0.0
1740619861,0.631,0.63105,0.0,0,1740619861281,134,0.0
1740619862,0.63099,0.63104,0.0,0,1740619862299,134,0.0
1740619865,0.63098,0.63103,0.0,0,1740619865240,134,0.0
1740619865,0.63099,0.63104,0.0,0,1740619865571,134,0.0
1740619865,0.63098,0.63103,0.0,0,1740619865592,134,0.0
1740619866,0.63101,0.63106,0.0,0,1740619866914,134,0.0
1740619867,0.631,0.63105,0.0,0,1740619867220,134,0.0
1740619875,0.63101,0.63105,0.0,0,1740619875141,130,0.0
1740619879,0.63101,0.63104,0.0,0,1740619879102,4,0.0
1740619887,0.63098,0.63101,0.0,0,1740619887033,134,0.0
1740619888,0.63096,0.63101,0.0,0,1740619888341,130,0.0
1740619890,0.63097,0.63102,0.0,0,1740619890674,134,0.0
1740619891,0.63098,0.63102,0.0,0,1740619891311,130,0.0
1740619891,0.63097,0.63101,0.0,0,1740619891640,134,0.0
1740619892,0.63096,0.63101,0.0,0,1740619892301,130,0.0
1740619894,0.63097,0.63101,0.0,0,1740619894281,130,0.0
1740619898,0.63098,0.63101,0.0,0,1740619898241,130,0.0
1740619899,0.63096,0.63099,0.0,0,1740619899562,134,0.0
1740619900,0.63096,0.631,0.0,0,1740619900221,4,0.0
1740619902,0.63096,0.63099,0.0,0,1740619902201,4,0.0
1740619907,0.63097,0.631,0.0,0,1740619907155,134,0.0
1740619907,0.63094,0.63097,0.0,0,1740619907482,134,0.0
1740619908,0.63094,0.63098,0.0,0,1740619908144,4,0.0
1740619908,0.63093,0.63097,0.0,0,1740619908799,134,0.0
1740619913,0.63093,0.63096,0.0,0,1740619913090,4,0.0
1740619915,0.63094,0.63097,0.0,0,1740619915757,134,0.0
1740619916,0.63094,0.63098,0.0,0,1740619916063,4,0.0
1740619919,0.63094,0.63097,0.0,0,1740619919040,4,0.0
1740619919,0.63095,0.63098,0.0,0,1740619919697,134,0.0
1740619920,0.63099,0.63102,0.0,0,1740619920023,134,0.0
1740619920,0.63097,0.63102,0.0,0,1740619920350,130,0.0
1740619921,0.63096,0.63101,0.0,0,1740619921011,134,0.0
1740619921,0.63097,0.63102,0.0,0,1740619921340,134,0.0
1740619926,0.63098,0.63103,0.0,0,1740619926291,134,0.0
1740619926,0.63101,0.63106,0.0,0,1740619926951,134,0.0
1740619927,0.631,0.63105,0.0,0,1740619927281,134,0.0
1740619927,0.63101,0.63106,0.0,0,1740619927326,134,0.0
1740619928,0.631,0.63105,0.0,0,1740619928271,134,0.0
1740619930,0.63101,0.63106,0.0,0,1740619930918,134,0.0
1740619931,0.631,0.63105,0.0,0,1740619931240,134,0.0
1740619931,0.63101,0.63106,0.0,0,1740619931899,134,0.0
1740619931,0.631,0.63105,0.0,0,1740619931926,134,0.0
1740619932,0.63101,0.63106,0.0,0,1740619932230,134,0.0
1740619932,0.631,0.63105,0.0,0,1740619932584,134,0.0
1740619932,0.63101,0.63106,0.0,0,1740619932889,134,0.0
1740619932,0.631,0.63105,0.0,0,1740619932891,134,0.0
1740619933,0.63101,0.63106,0.0,0,1740619933222,134,0.0
1740619933,0.631,0.63105,0.0,0,1740619933241,134,0.0
1740619935,0.63102,0.63107,0.0,0,1740619935531,134,0.0
1740619939,0.63103,0.63107,0.0,0,1740619939163,130,0.0
1740619939,0.63102,0.63106,0.0,0,1740619939818,134,0.0
1740619942,0.63101,0.63105,0.0,0,1740619942791,134,0.0
1740619944,0.63103,0.63106,0.0,0,1740619944109,134,0.0
1740619949,0.63104,0.63107,0.0,0,1740619949061,134,0.0
1740619968,0.63105,0.63108,0.0,0,1740619968531,134,0.0
1740619970,0.6311,0.63113,0.0,0,1740619970839,134,0.0
1740619971,0.63109,0.63114,0.0,0,1740619971171,134,0.0
1740619976,0.63108,0.63113,0.0,0,1740619976122,134,0.0
1740619976,0.6311,0.63115,0.0,0,1740619976462,134,0.0
1740619976,0.63111,0.63116,0.0,0,1740619976783,134,0.0
1740619977,0.6311,0.63115,0.0,0,1740619977768,134,0.0
1740619980,0.6311,0.63115,0.0,0,1740619980081,130,0.0
1740619981,0.63111,0.63116,0.0,0,1740619981730,134,0.0
1740619987,0.63114,0.63119,0.0,0,1740619987386,134,0.0
1740619987,0.63112,0.63117,0.0,0,1740619987669,134,0.0
1740619988,0.63111,0.63117,0.0,0,1740619988330,130,0.0
1740619989,0.63112,0.63117,0.0,0,1740619989650,130,0.0
1740619992,0.63114,0.63118,0.0,0,1740619992289,134,0.0
1740619996,0.63115,0.63118,0.0,0,1740619996250,130,0.0
1740619998,0.63114,0.63117,0.0,0,1740619998558,134,0.0
1740620006,0.63115,0.63118,0.0,0,1740620006150,134,0.0
1740620008,0.63116,0.63119,0.0,0,1740620008789,134,0.0
1740620009,0.63117,0.6312,0.0,0,1740620009783,134,0.0
1740620009,0.63118,0.63121,0.0,0,1740620009784,134,0.0
1740620010,0.63117,0.63121,0.0,0,1740620010439,130,0.0
1740620011,0.63118,0.63122,0.0,0,1740620011099,134,0.0
1740620020,0.63119,0.63122,0.0,0,1740620020047,130,0.0
1740620020,0.63118,0.63121,0.0,0,1740620020339,134,0.0
1740620021,0.63118,0.63122,0.0,0,1740620021330,4,0.0
1740620022,0.63118,0.63121,0.0,0,1740620022319,4,0.0
1740620023,0.63117,0.6312,0.0,0,1740620023992,134,0.0
1740620024,0.63118,0.63121,0.0,0,1740620024301,134,0.0
1740620025,0.63118,0.63122,0.0,0,1740620025289,4,0.0
1740620031,0.63119,0.63122,0.0,0,1740620031229,130,0.0
1740620035,0.63117,0.6312,0.0,0,1740620035189,134,0.0
1740620036,0.63115,0.6312,0.0,0,1740620036180,130,0.0
1740620038,0.63116,0.6312,0.0,0,1740620038161,130,0.0
1740620038,0.63114,0.63118,0.0,0,1740620038822,134,0.0
1740620040,0.63113,0.63118,0.0,0,1740620040139,130,0.0
1740620042,0.63116,0.63121,0.0,0,1740620042449,134,0.0
1740620043,0.63113,0.63118,0.0,0,1740620043769,134,0.0
1740620057,0.63114,0.63118,0.0,0,1740620057302,130,0.0
1740620059,0.63117,0.63121,0.0,0,1740620059976,134,0.0
1740620060,0.63115,0.63118,0.0,0,1740620060273,134,0.0
1740620064,0.63114,0.63117,0.0,0,1740620064559,134,0.0
1740620068,0.63115,0.63118,0.0,0,1740620068849,134,0.0
1740620070,0.63116,0.63119,0.0,0,1740620070187,134,0.0
1740620070,0.63119,0.63122,0.0,0,1740620070500,134,0.0
1740620070,0.63118,0.63121,0.0,0,1740620070828,134,0.0
1740620072,0.63117,0.63122,0.0,0,1740620072149,134,0.0
1740620073,0.63119,0.63124,0.0,0,1740620073144,134,0.0
1740620074,0.6312,0.63125,0.0,0,1740620074788,134,0.0
1740620075,0.63119,0.63124,0.0,0,1740620075450,134,0.0
1740620077,0.6312,0.63125,0.0,0,1740620077099,134,0.0
1740620078,0.63119,0.63124,0.0,0,1740620078419,134,0.0
1740620078,0.63118,0.63124,0.0,0,1740620078748,130,0.0
1740620080,0.63119,0.63124,0.0,0,1740620080729,130,0.0
1740620086,0.6312,0.63124,0.0,0,1740620086340,130,0.0
1740620086,0.63121,0.63125,0.0,0,1740620086672,134,0.0
1740620089,0.63121,0.63124,0.0,0,1740620089309,4,0.0
1740620090,0.63124,0.63127,0.0,0,1740620090300,134,0.0
1740620090,0.63123,0.63126,0.0,0,1740620090958,134,0.0
1740620091,0.63122,0.63127,0.0,0,1740620091289,134,0.0
1740620097,0.63123,0.63127,0.0,0,1740620097228,130,0.0
1740620100,0.63123,0.63126,0.0,0,1740620100202,134,0.0
1740620105,0.63122,0.63125,0.0,0,1740620105148,134,0.0
1740620106,0.63122,0.63126,0.0,0,1740620106140,4,0.0
1740620107,0.63121,0.63126,0.0,0,1740620107129,130,0.0
1740620108,0.63122,0.63126,0.0,0,1740620108118,130,0.0
1740620108,0.63123,0.63127,0.0,0,1740620108450,134,0.0
1740620109,0.63122,0.63126,0.0,0,1740620109438,134,0.0
1740620110,0.63121,0.63126,0.0,0,1740620110098,130,0.0
1740620112,0.63122,0.63126,0.0,0,1740620112080,130,0.0
1740620112,0.63121,0.63125,0.0,0,1740620112409,134,0.0
1740620113,0.6312,0.63125,0.0,0,1740620113069,130,0.0
1740620114,0.63119,0.63124,0.0,0,1740620114060,134,0.0
1740620114,0.6312,0.63124,0.0,0,1740620114068,130,0.0
1740620116,0.63119,0.63124,0.0,0,1740620116040,130,0.0
1740620117,0.6312,0.63124,0.0,0,1740620117045,130,0.0
1740620119,0.63121,0.63124,0.0,0,1740620119340,130,0.0
1740620124,0.63122,0.63125,0.0,0,1740620124620,134,0.0
1740620124,0.63123,0.63126,0.0,0,1740620124948,134,0.0
1740620125,0.63122,0.63125,0.0,0,1740620125278,134,0.0
1740620126,0.63121,0.63126,0.0,0,1740620126268,134,0.0
1740620127,0.63122,0.63126,0.0,0,1740620127259,130,0.0
1740620129,0.63122,0.63125,0.0,0,1740620129239,4,0.0
1740620130,0.63123,0.63126,0.0,0,1740620130889,134,0.0
1740620130,0.63122,0.63125,0.0,0,1740620130900,134,0.0
1740620140,0.63123,0.63126,0.0,0,1740620140465,134,0.0
1740620140,0.63122,0.63125,0.0,0,1740620140790,134,0.0
1740620140,0.63123,0.63126,0.0,0,1740620140812,134,0.0
1740620141,0.63122,0.63125,0.0,0,1740620141468,134,0.0
1740620142,0.63122,0.63126,0.0,0,1740620142109,4,0.0
1740620143,0.63123,0.63127,0.0,0,1740620143098,134,0.0
1740620144,0.63122,0.63127,0.0,0,1740620144089,130,0.0
1740620145,0.63121,0.63126,0.0,0,1740620145740,134,0.0
1740620146,0.63122,0.63126,0.0,0,1740620146070,130,0.0
1740620147,0.63121,0.63126,0.0,0,1740620147059,130,0.0
1740620148,0.63122,0.63126,0.0,0,1740620148046,130,0.0
1740620152,0.63123,0.63126,0.0,0,1740620152038,130,0.0
1740620156,0.63124,0.63127,0.0,0,1740620156955,134,0.0
1740620158,0.63123,0.63127,0.0,0,1740620158278,130,0.0
1740620160,0.63123,0.63127,0.0,0,1740620160258,130,0.0
1740620160,0.63122,0.63126,0.0,0,1740620160637,134,0.0
1740620161,0.63121,0.63125,0.0,0,1740620161249,134,0.0
1740620162,0.6312,0.63125,0.0,0,1740620162237,130,0.0
1740620162,0.63122,0.63127,0.0,0,1740620162898,134,0.0
1740620165,0.63123,0.63128,0.0,0,1740620165869,134,0.0
1740620167,0.63122,0.63127,0.0,0,1740620167189,134,0.0
1740620168,0.6312,0.63125,0.0,0,1740620168840,134,0.0
1740620169,0.63121,0.63126,0.0,0,1740620169829,134,0.0
1740620171,0.63119,0.63124,0.0,0,1740620171807,134,0.0
1740620173,0.63121,0.63126,0.0,0,1740620173459,134,0.0
1740620176,0.6312,0.63125,0.0,0,1740620176451,134,0.0
1740620177,0.63121,0.63126,0.0,0,1740620177420,134,0.0
1740620177,0.6312,0.63125,0.0,0,1740620177749,134,0.0
1740620177,0.63121,0.63126,0.0,0,1740620177770,134,0.0
1740620186,0.6312,0.63125,0.0,0,1740620186000,134,0.0
1740620186,0.63119,0.63124,0.0,0,1740620186359,134,0.0
1740620186,0.6312,0.63125,0.0,0,1740620186989,134,0.0
1740620188,0.63119,0.63124,0.0,0,1740620188309,134,0.0
1740620188,0.6312,0.63125,0.0,0,1740620188331,134,0.0
1740620190,0.63119,0.63124,0.0,0,1740620190288,134,0.0
1740620190,0.6312,0.63125,0.0,0,1740620190948,134,0.0
1740620191,0.63121,0.63126,0.0,0,1740620191939,134,0.0
1740620192,0.63122,0.63127,0.0,0,1740620192268,134,0.0
1740620194,0.63121,0.63126,0.0,0,1740620194577,134,0.0
1740620194,0.6312,0.63125,0.0,0,1740620194604,134,0.0
1740620200,0.63119,0.63124,0.0,0,1740620200518,134,0.0
1740620202,0.63118,0.63123,0.0,0,1740620202828,134,0.0
1740620206,0.63121,0.63126,0.0,0,1740620206131,134,0.0
1740620206,0.6312,0.63125,0.0,0,1740620206459,134,0.0
1740620209,0.63118,0.63123,0.0,0,1740620209097,134,0.0
1740620210,0.63119,0.63124,0.0,0,1740620210130,134,0.0
1740620210,0.63118,0.63123,0.0,0,1740620210417,134,0.0
1740620212,0.63119,0.63124,0.0,0,1740620212066,134,0.0
1740620218,0.6312,0.63124,0.0,0,1740620218337,130,0.0
1740620220,0.63121,0.63124,0.0,0,1740620220317,130,0.0
1740620221,0.63121,0.63125,0.0,0,1740620221307,4,0.0
1740620224,0.6312,0.63123,0.0,0,1740620224276,134,0.0
1740620225,0.6312,0.63124,0.0,0,1740620225267,4,0.0
1740620227,0.6312,0.63123,0.0,0,1740620227247,4,0.0
1740620232,0.63119,0.63122,0.0,0,1740620232857,134,0.0
1740620233,0.63121,0.63124,0.0,0,1740620233515,134,0.0
1740620236,0.6312,0.63123,0.0,0,1740620236157,134,0.0
1740620237,0.63121,0.63124,0.0,0,1740620237173,134,0.0
1740620237,0.6312,0.63123,0.0,0,1740620237476,134,0.0
1740620237,0.63121,0.63124,0.0,0,1740620237478,134,0.0
1740620246,0.6312,0.63123,0.0,0,1740620246386,134,0.0
1740620246,0.63121,0.63124,0.0,0,1740620246716,134,0.0
1740620247,0.6312,0.63123,0.0,0,1740620247049,134,0.0
1740620247,0.63119,0.63122,0.0,0,1740620247377,134,0.0
1740620248,0.63119,0.63123,0.0,0,1740620248040,4,0.0
1740620249,0.63119,0.63122,0.0,0,1740620249049,4,0.0
1740620253,0.6312,0.63123,0.0,0,1740620253976,134,0.0
1740620255,0.63119,0.63122,0.0,0,1740620255958,134,0.0
1740620257,0.63119,0.63123,0.0,0,1740620257277,4,0.0
1740620258,0.63118,0.63123,0.0,0,1740620258268,130,0.0
1740620259,0.63119,0.63123,0.0,0,1740620259256,130,0.0
1740620261,0.63116,0.6312,0.0,0,1740620261566,134,0.0
1740620261,0.63113,0.63117,0.0,0,1740620261899,134,0.0
1740620262,0.63112,0.63117,0.0,0,1740620262226,130,0.0
1740620265,0.63113,0.63118,0.0,0,1740620265197,134,0.0
1740620268,0.63112,0.63117,0.0,0,1740620268524,134,0.0
1740620268,0.63113,0.63118,0.0,0,1740620268826,134,0.0
1740620269,0.63112,0.63117,0.0,0,1740620269180,134,0.0
1740620269,0.63113,0.63118,0.0,0,1740620269488,134,0.0
1740620269,0.63112,0.63117,0.0,0,1740620269817,134,0.0
1740620272,0.63114,0.63119,0.0,0,1740620272127,134,0.0
1740620274,0.63113,0.63118,0.0,0,1740620274105,134,0.0
1740620274,0.63112,0.63117,0.0,0,1740620274436,134,0.0
1740620280,0.63112,0.63117,0.0,0,1740620280047,130,0.0
1740620281,0.63113,0.63118,0.0,0,1740620281038,134,0.0
1740620285,0.63114,0.63118,0.0,0,1740620285328,130,0.0
1740620288,0.63114,0.63117,0.0,0,1740620288300,4,0.0
1740620299,0.63113,0.63116,0.0,0,1740620299186,134,0.0
1740620301,0.63114,0.63117,0.0,0,1740620301497,134,0.0
1740620305,0.63115,0.63118,0.0,0,1740620305457,134,0.0
1740620306,0.63114,0.63118,0.0,0,1740620306116,130,0.0
1740620307,0.63115,0.63118,0.0,0,1740620307106,130,0.0
1740620308,0.63117,0.6312,0.0,0,1740620308764,134,0.0
1740620309,0.63119,0.63122,0.0,0,1740620309087,134,0.0
1740620309,0.63114,0.63117,0.0,0,1740620309417,134,0.0
1740620310,0.63114,0.63118,0.0,0,1740620310076,4,0.0
1740620311,0.63114,0.63117,0.0,0,1740620311067,4,0.0
1740620316,0.63113,0.63116,0.0,0,1740620316345,134,0.0
1740620317,0.63114,0.63117,0.0,0,1740620317006,134,0.0
1740620318,0.63114,0.63118,0.0,0,1740620318326,4,0.0
1740620322,0.63113,0.63117,0.0,0,1740620322947,134,0.0
1740620322,0.63114,0.63118,0.0,0,1740620322960,134,0.0
1740620323,0.63113,0.63117,0.0,0,1740620323276,134,0.0
1740620323,0.63114,0.63118,0.0,0,1740620323314,134,0.0
1740620323,0.63113,0.63117,0.0,0,1740620323606,134,0.0
1740620323,0.63114,0.63118,0.0,0,1740620323618,134,0.0
1740620323,0.63113,0.63117,0.0,0,1740620323935,134,0.0
1740620323,0.63114,0.63118,0.0,0,1740620323971,134,0.0
1740620324,0.63113,0.63117,0.0,0,1740620324266,134,0.0
1740620324,0.63114,0.63118,0.0,0,1740620324274,134,0.0
1740620324,0.63113,0.63117,0.0,0,1740620324927,134,0.0
1740620327,0.63114,0.63118,0.0,0,1740620327236,134,0.0
1740620330,0.63113,0.63117,0.0,0,1740620330535,134,0.0
1740620337,0.63114,0.63117,0.0,0,1740620337136,130,0.0
1740620340,0.63114,0.63117,0.0,0,1740620340107,130,0.0
1740620341,0.63114,0.63118,0.0,0,1740620341096,4,0.0
1740620343,0.63113,0.63117,0.0,0,1740620343408,134,0.0
1740620350,0.63114,0.63118,0.0,0,1740620350668,134,0.0
1740620352,0.63113,0.63118,0.0,0,1740620352026,130,0.0
1740620353,0.63114,0.63118,0.0,0,1740620353307,130,0.0
1740620357,0.63113,0.63117,0.0,0,1740620357642,134,0.0
1740620358,0.63112,0.63117,0.0,0,1740620358258,130,0.0
1740620358,0.63113,0.63118,0.0,0,1740620358300,134,0.0
1740620358,0.63112,0.63117,0.0,0,1740620358604,134,0.0
1740620366,0.63114,0.63118,0.0,0,1740620366176,134,0.0
1740620367,0.63113,0.63118,0.0,0,1740620367166,130,0.0
1740620370,0.63119,0.63124,0.0,0,1740620370470,134,0.0
1740620370,0.6312,0.63125,0.0,0,1740620370472,134,0.0
1740620370,0.63119,0.63124,0.0,0,1740620370799,134,0.0
1740620374,0.63118,0.63123,0.0,0,1740620374756,134,0.0
1740620375,0.63117,0.63122,0.0,0,1740620375416,134,0.0
1740620376,0.63121,0.63126,0.0,0,1740620376405,134,0.0
1740620376,0.63123,0.63128,0.0,0,1740620376737,134,0.0
1740620377,0.63121,0.63126,0.0,0,1740620377395,134,0.0
1740620384,0.63122,0.63127,0.0,0,1740620384372,134,0.0
1740620394,0.63121,0.63126,0.0,0,1740620394885,134,0.0
1740620398,0.63119,0.63124,0.0,0,1740620398845,134,0.0
1740620400,0.63119,0.63124,0.0,0,1740620400165,130,0.0
1740620400,0.63117,0.63122,0.0,0,1740620400194,134,0.0
1740620401,0.63118,0.63123,0.0,0,1740620401486,134,0.0
1740620401,0.63117,0.63122,0.0,0,1740620401815,134,0.0
1740620406,0.63118,0.63122,0.0,0,1740620406107,130,0.0
1740620406,0.63119,0.63123,0.0,0,1740620406765,134,0.0
1740620411,0.63118,0.63122,0.0,0,1740620411054,134,0.0
1740620411,0.63119,0.63123,0.0,0,1740620411068,134,0.0
1740620417,0.6312,0.63123,0.0,0,1740620417327,130,0.0
1740620421,0.63124,0.63127,0.0,0,1740620421287,134,0.0
1740620421,0.63123,0.63126,0.0,0,1740620421947,134,0.0
1740620422,0.63122,0.63127,0.0,0,1740620422275,134,0.0
1740620422,0.63121,0.63126,0.0,0,1740620422604,134,0.0
1740620428,0.63122,0.63126,0.0,0,1740620428217,130,0.0
1740620431,0.63123,0.63127,0.0,0,1740620431844,134,0.0
1740620436,0.63122,0.63126,0.0,0,1740620436464,134,0.0
1740620437,0.63122,0.63125,0.0,0,1740620437124,4,0.0
1740620437,0.63123,0.63126,0.0,0,1740620437462,134,0.0
1740620438,0.63122,0.63126,0.0,0,1740620438115,130,0.0
1740620443,0.63123,0.63126,0.0,0,1740620443065,130,0.0
1740620445,0.63122,0.63125,0.0,0,1740620445375,134,0.0
1740620445,0.63123,0.63126,0.0,0,1740620445705,134,0.0
1740620447,0.63122,0.63125,0.0,0,1740620447355,134,0.0
1740620448,0.63123,0.63126,0.0,0,1740620448346,134,0.0
1740620448,0.63122,0.63125,0.0,0,1740620448676,134,0.0
1740620449,0.63123,0.63126,0.0,0,1740620449995,134,0.0
1740620452,0.63122,0.63125,0.0,0,1740620452303,134,0.0
1740620460,0.63122,0.63125,0.0,0,1740620460225,130,0.0
1740620461,0.63121,0.63124,0.0,0,1740620461226,134,0.0
1740620461,0.63119,0.63122,0.0,0,1740620461544,134,0.0
1740620463,0.63117,0.63122,0.0,0,1740620463195,130,0.0
1740620465,0.63118,0.63123,0.0,0,1740620465522,134,0.0
1740620466,0.63117,0.63122,0.0,0,1740620466165,134,0.0
1740620466,0.63118,0.63123,0.0,0,1740620466824,134,0.0
1740620466,0.63117,0.63122,0.0,0,1740620466836,134,0.0
1740620467,0.63118,0.63123,0.0,0,1740620467816,134,0.0
1740620472,0.63117,0.63122,0.0,0,1740620472765,134,0.0
1740620475,0.63113,0.63118,0.0,0,1740620475739,134,0.0
1740620479,0.63117,0.63122,0.0,0,1740620479696,134,0.0
1740620495,0.63116,0.63121,0.0,0,1740620495866,134,0.0
1740620495,0.63114,0.63119,0.0,0,1740620495909,134,0.0
1740620496,0.63115,0.63119,0.0,0,1740620496196,130,0.0
1740620496,0.63117,0.63121,0.0,0,1740620496525,134,0.0
1740620497,0.63116,0.63121,0.0,0,1740620497187,130,0.0
1740620502,0.63114,0.63119,0.0,0,1740620502135,134,0.0
1740620504,0.63115,0.6312,0.0,0,1740620504775,134,0.0
1740620504,0.63114,0.63119,0.0,0,1740620504805,134,0.0
1740620505,0.63115,0.6312,0.0,0,1740620505106,134,0.0
1740620505,0.63114,0.63119,0.0,0,1740620505110,134,0.0
1740620506,0.63113,0.63118,0.0,0,1740620506094,134,0.0
1740620508,0.63114,0.63118,0.0,0,1740620508074,130,0.0
1740620508,0.63117,0.63121,0.0,0,1740620508406,134,0.0
1740620509,0.63116,0.63121,0.0,0,1740620509064,130,0.0
1740620514,0.63114,0.63119,0.0,0,1740620514017,134,0.0
1740620519,0.63115,0.63119,0.0,0,1740620519295,130,0.0
1740620520,0.63115,0.63119,0.0,0,1740620520284,130,0.0
1740620520,0.63116,0.6312,0.0,0,1740620520614,134,0.0
1740620521,0.63115,0.63119,0.0,0,1740620521934,134,0.0
1740620525,0.63115,0.63118,0.0,0,1740620525234,4,0.0
1740620530,0.63116,0.63119,0.0,0,1740620530512,134,0.0
1740620531,0.63117,0.6312,0.0,0,1740620531505,134,0.0
1740620540,0.63116,0.63119,0.0,0,1740620540085,134,0.0
1740620551,0.63118,0.63121,0.0,0,1740620551964,134,0.0
1740620552,0.63119,0.63122,0.0,0,1740620552295,134,0.0
1740620553,0.63117,0.63122,0.0,0,1740620553285,130,0.0
1740620561,0.63118,0.63122,0.0,0,1740620561203,130,0.0
1740620562,0.63119,0.63123,0.0,0,1740620562855,134,0.0
1740620569,0.63119,0.63122,0.0,0,1740620569124,4,0.0
1740620570,0.6312,0.63123,0.0,0,1740620570774,134,0.0
1740620573,0.63119,0.63122,0.0,0,1740620573082,134,0.0
1740620574,0.63119,0.63123,0.0,0,1740620574072,4,0.0
1740620575,0.63118,0.63122,0.0,0,1740620575394,134,0.0
1740620580,0.63118,0.63122,0.0,0,1740620580015,130,0.0
1740620581,0.63117,0.63121,0.0,0,1740620581335,134,0.0
1740620584,0.63116,0.6312,0.0,0,1740620584665,134,0.0
1740620584,0.63117,0.63121,0.0,0,1740620584963,134,0.0
1740620587,0.63118,0.63122,0.0,0,1740620587274,134,0.0
1740620587,0.63117,0.63121,0.0,0,1740620587292,134,0.0
1740620587,0.63118,0.63122,0.0,0,1740620587646,134,0.0
1740620588,0.63117,0.63121,0.0,0,1740620588264,134,0.0
1740620595,0.63116,0.6312,0.0,0,1740620595194,134,0.0
1740620599,0.63118,0.63122,0.0,0,1740620599815,134,0.0
1740620601,0.63117,0.63122,0.0,0,1740620601134,130,0.0
1740620612,0.63118,0.63123,0.0,0,1740620612023,134,0.0
1740620620,0.63117,0.63122,0.0,0,1740620620935,134,0.0
1740620625,0.63118,0.63123,0.0,0,1740620625242,134,0.0
1740620625,0.63117,0.63122,0.0,0,1740620625554,134,0.0
1740620625,0.63118,0.63123,0.0,0,1740620625598,134,0.0
1740620625,0.63117,0.63122,0.0,0,1740620625883,134,0.0
1740620625,0.63118,0.63123,0.0,0,1740620625899,134,0.0
1740620627,0.63117,0.63122,0.0,0,1740620627203,134,0.0
1740620629,0.63118,0.63123,0.0,0,1740620629513,134,0.0
1740620630,0.63117,0.63122,0.0,0,1740620630504,134,0.0
1740620635,0.63118,0.63122,0.0,0,1740620635125,130,0.0
1740620640,0.63119,0.63122,0.0,0,1740620640072,130,0.0
1740620645,0.63118,0.63121,0.0,0,1740620645683,134,0.0
1740620646,0.63119,0.63122,0.0,0,1740620646014,134,0.0
1740620646,0.63118,0.63122,0.0,0,1740620646343,130,0.0
1740620652,0.63117,0.63122,0.0,0,1740620652284,130,0.0
1740620655,0.63118,0.63122,0.0,0,1740620655252,130,0.0
1740620656,0.63117,0.63122,0.0,0,1740620656244,130,0.0
1740620658,0.63118,0.63122,0.0,0,1740620658224,130,0.0
1740620659,0.63117,0.63122,0.0,0,1740620659213,130,0.0
1740620659,0.63118,0.63123,0.0,0,1740620659568,134,0.0
1740620663,0.63117,0.63122,0.0,0,1740620663862,134,0.0
1740620664,0.63118,0.63122,0.0,0,1740620664163,130,0.0
1740620665,0.63117,0.63122,0.0,0,1740620665154,130,0.0
1740620668,0.63118,0.63122,0.0,0,1740620668124,130,0.0
1740620672,0.63119,0.63123,0.0,0,1740620672104,134,0.0
1740620673,0.63118,0.63122,0.0,0,1740620673403,134,0.0
1740620674,0.63117,0.63122,0.0,0,1740620674063,130,0.0
1740620675,0.63118,0.63123,0.0,0,1740620675381,134,0.0
1740620675,0.63117,0.63122,0.0,0,1740620675714,134,0.0
1740620676,0.63118,0.63123,0.0,0,1740620676374,134,0.0
1740620676,0.63117,0.63122,0.0,0,1740620676707,134,0.0
1740620677,0.63118,0.63122,0.0,0,1740620677056,130,0.0
1740620677,0.63119,0.63123,0.0,0,1740620677362,134,0.0
1740620678,0.63118,0.63123,0.0,0,1740620678352,130,0.0
1740620679,0.63117,0.63122,0.0,0,1740620679672,134,0.0
1740620680,0.63118,0.63123,0.0,0,1740620680334,134,0.0
1740620685,0.63117,0.63122,0.0,0,1740620685648,134,0.0
1740620685,0.63116,0.63121,0.0,0,1740620685942,134,0.0
1740620686,0.63117,0.63122,0.0,0,1740620686273,134,0.0
1740620687,0.63118,0.63123,0.0,0,1740620687593,134,0.0
1740620689,0.63117,0.63122,0.0,0,1740620689942,134,0.0
1740620696,0.63121,0.63125,0.0,0,1740620696173,134,0.0
1740620696,0.63122,0.63126,0.0,0,1740620696501,134,0.0
1740620696,0.63123,0.63127,0.0,0,1740620696832,134,0.0
1740620697,0.63122,0.63127,0.0,0,1740620697162,130,0.0
1740620700,0.63122,0.63127,0.0,0,1740620700134,130,0.0
1740620700,0.63123,0.63128,0.0,0,1740620700465,134,0.0
1740620700,0.63122,0.63127,0.0,0,1740620700793,134,0.0
1740620703,0.63121,0.63126,0.0,0,1740620703432,134,0.0
1740620705,0.63122,0.63127,0.0,0,1740620705746,134,0.0
1740620707,0.63123,0.63128,0.0,0,1740620707062,134,0.0
1740620710,0.63122,0.63127,0.0,0,1740620710363,134,0.0
1740620710,0.63123,0.63128,0.0,0,1740620710694,134,0.0
1740620711,0.63122,0.63127,0.0,0,1740620711684,134,0.0
1740620712,0.63121,0.63126,0.0,0,1740620712043,134,0.0
1740620712,0.6312,0.63125,0.0,0,1740620712341,134,0.0
1740620712,0.63121,0.63126,0.0,0,1740620712345,134,0.0
1740620714,0.63122,0.63127,0.0,0,1740620714324,134,0.0
1740620715,0.6312,0.63125,0.0,0,1740620715997,134,0.0
1740620716,0.63121,0.63126,0.0,0,1740620716304,134,0.0
1740620717,0.63122,0.63127,0.0,0,1740620717954,134,0.0
1740620717,0.63123,0.63128,0.0,0,1740620717966,134,0.0
1740620727,0.63124,0.63128,0.0,0,1740620727193,130,0.0
1740620734,0.63124,0.63127,0.0,0,1740620734123,4,0.0
1740620734,0.63125,0.63128,0.0,0,1740620734453,134,0.0
1740620735,0.6313,0.63133,0.0,0,1740620735113,134,0.0
1740620736,0.63128,0.63133,0.0,0,1740620736103,130,0.0
1740620738,0.63129,0.63134,0.0,0,1740620738083,134,0.0
1740620740,0.63128,0.63133,0.0,0,1740620740724,134,0.0
1740620744,0.63127,0.63132,0.0,0,1740620744022,134,0.0
1740620746,0.63128,0.63133,0.0,0,1740620746001,134,0.0
1740620755,0.63129,0.63133,0.0,0,1740620755244,130,0.0
1740620755,0.6313,0.63134,0.0,0,1740620755576,134,0.0
1740620760,0.6313,0.63134,0.0,0,1740620760195,130,0.0
1740620760,0.63131,0.63135,0.0,0,1740620760524,134,0.0
1740620761,0.6313,0.63134,0.0,0,1740620761188,134,0.0
1740620761,0.63133,0.63137,0.0,0,1740620761510,134,0.0
1740620761,0.63132,0.63136,0.0,0,1740620761539,134,0.0
1740620761,0.63131,0.63135,0.0,0,1740620761841,134,0.0
1740620762,0.6313,0.63134,0.0,0,1740620762500,134,0.0
1740620763,0.63129,0.63134,0.0,0,1740620763164,130,0.0
1740620765,0.6313,0.63134,0.0,0,1740620765147,130,0.0
1740620768,0.63131,0.63135,0.0,0,1740620768771,134,0.0
1740620769,0.63133,0.63138,0.0,0,1740620769100,134,0.0
1740620771,0.63134,0.63139,0.0,0,1740620771747,134,0.0
1740620783,0.63135,0.63139,0.0,0,1740620783291,130,0.0
1740620788,0.63135,0.63138,0.0,0,1740620788242,4,0.0
1740620788,0.63136,0.63139,0.0,0,1740620788590,134,0.0
1740620796,0.63135,0.63138,0.0,0,1740620796169,134,0.0
1740620797,0.63136,0.63139,0.0,0,1740620797482,134,0.0
1740620805,0.63135,0.63138,0.0,0,1740620805419,134,0.0
1740620809,0.63136,0.63139,0.0,0,1740620809033,134,0.0
1740620809,0.63135,0.63138,0.0,0,1740620809691,134,0.0
1740620811,0.63132,0.63135,0.0,0,1740620811012,134,0.0
1740620811,0.6313,0.63133,0.0,0,1740620811341,134,0.0
1740620812,0.63129,0.63134,0.0,0,1740620812331,134,0.0
1740620814,0.63137,0.63142,0.0,0,1740620814971,134,0.0
1740620814,0.63138,0.63143,0.0,0,1740620814974,134,0.0
1740620820,0.63138,0.63143,0.0,0,1740620820252,130,0.0
1740620826,0.63139,0.63144,0.0,0,1740620826522,134,0.0
1740620830,0.6314,0.63145,0.0,0,1740620830153,134,0.0
1740620830,0.63143,0.63148,0.0,0,1740620830481,134,0.0
1740620838,0.63142,0.63147,0.0,0,1740620838402,134,0.0
1740620841,0.63143,0.63147,0.0,0,1740620841051,130,0.0
1740620841,0.63144,0.63148,0.0,0,1740620841373,134,0.0
1740620843,0.63143,0.63147,0.0,0,1740620843350,134,0.0
1740620849,0.63144,0.63147,0.0,0,1740620849295,130,0.0
1740620856,0.63143,0.63146,0.0,0,1740620856879,134,0.0
1740620864,0.63144,0.63147,0.0,0,1740620864142,134,0.0
1740620873,0.63143,0.63146,0.0,0,1740620873711,134,0.0
1740620875,0.63142,0.63146,0.0,0,1740620875035,130,0.0
1740620876,0.6314,0.63144,0.0,0,1740620876351,134,0.0
1740620876,0.63141,0.63145,0.0,0,1740620876396,134,0.0
1740620878,0.63139,0.63143,0.0,0,1740620878003,134,0.0
1740620879,0.63137,0.63142,0.0,0,1740620879030,134,0.0
1740620879,0.63136,0.63141,0.0,0,1740620879322,134,0.0
1740620880,0.63136,0.63141,0.0,0,1740620880312,130,0.0
1740620880,0.63134,0.63139,0.0,0,1740620880350,134,0.0
1740620880,0.63133,0.63138,0.0,0,1740620880640,134,0.0
1740620881,0.63134,0.63139,0.0,0,1740620881314,134,0.0
1740620882,0.63133,0.63138,0.0,0,1740620882323,134,0.0
1740620885,0.63135,0.6314,0.0,0,1740620885263,134,0.0
1740620888,0.63136,0.63141,0.0,0,1740620888230,134,0.0
1740620892,0.63135,0.6314,0.0,0,1740620892192,134,0.0
1740620895,0.63136,0.6314,0.0,0,1740620895162,130,0.0
1740620896,0.63132,0.63136,0.0,0,1740620896482,134,0.0
1740620897,0.63131,0.63135,0.0,0,1740620897469,134,0.0
1740620898,0.6313,0.63135,0.0,0,1740620898132,130,0.0
1740620900,0.63131,0.63136,0.0,0,1740620900770,134,0.0
1740620901,0.6313,0.63135,0.0,0,1740620901430,134,0.0
1740620901,0.63131,0.63136,0.0,0,1740620901762,134,0.0
1740620901,0.6313,0.63135,0.0,0,1740620901793,134,0.0
1740620902,0.63131,0.63136,0.0,0,1740620902751,134,0.0
1740620904,0.63132,0.63137,0.0,0,1740620904400,134,0.0
1740620907,0.63131,0.63136,0.0,0,1740620907700,134,0.0
1740620908,0.6313,0.63135,0.0,0,1740620908691,134,0.0
1740620911,0.63131,0.63135,0.0,0,1740620911042,130,0.0
1740620914,0.63133,0.63136,0.0,0,1740620914301,134,0.0
1740620914,0.63134,0.63137,0.0,0,1740620914630,134,0.0
1740620914,0.63133,0.63136,0.0,0,1740620914960,134,0.0
1740620915,0.63132,0.63137,0.0,0,1740620915290,134,0.0
1740620916,0.63133,0.63137,0.0,0,1740620916281,130,0.0
1740620916,0.6313,0.63134,0.0,0,1740620916942,134,0.0
1740620916,0.63131,0.63135,0.0,0,1740620916959,134,0.0
1740620918,0.6313,0.63135,0.0,0,1740620918261,130,0.0
1740620919,0.63131,0.63135,0.0,0,1740620919251,130,0.0
1740620922,0.63131,0.63134,0.0,0,1740620922220,4,0.0
1740620926,0.63132,0.63135,0.0,0,1740620926181,134,0.0
1740620927,0.6313,0.63133,0.0,0,1740620927171,134,0.0
1740620927,0.63126,0.63129,0.0,0,1740620927498,134,0.0
1740620928,0.63125,0.6313,0.0,0,1740620928160,134,0.0
1740620934,0.63126,0.63131,0.0,0,1740620934803,134,0.0
1740620937,0.63125,0.6313,0.0,0,1740620937071,134,0.0
1740620939,0.63124,0.63129,0.0,0,1740620939049,134,0.0
1740620940,0.63124,0.63129,0.0,0,1740620940040,130,0.0
1740620942,0.63125,0.63129,0.0,0,1740620942040,130,0.0
1740620944,0.63126,0.63129,0.0,0,1740620944329,130,0.0
1740620947,0.63124,0.63127,0.0,0,1740620947632,134,0.0
1740620947,0.63122,0.63125,0.0,0,1740620947964,134,0.0
1740620948,0.63117,0.6312,0.0,0,1740620948289,134,0.0
1740620948,0.63116,0.63119,0.0,0,1740620948317,134,0.0
1740620949,0.63115,0.6312,0.0,0,1740620949283,134,0.0
1740620957,0.63119,0.63124,0.0,0,1740620957198,134,0.0
1740620957,0.6312,0.63125,0.0,0,1740620957530,134,0.0
1740620957,0.63119,0.63124,0.0,0,1740620957861,134,0.0
1740620957,0.6312,0.63125,0.0,0,1740620957874,134,0.0
1740620958,0.63123,0.63128,0.0,0,1740620958851,134,0.0
1740620959,0.63122,0.63127,0.0,0,1740620959180,134,0.0
1740620963,0.63123,0.63128,0.0,0,1740620963471,134,0.0
1740620964,0.63124,0.63129,0.0,0,1740620964462,134,0.0
1740620967,0.63123,0.63128,0.0,0,1740620967760,134,0.0
1740620972,0.63124,0.63128,0.0,0,1740620972050,130,0.0
1740620977,0.63125,0.63128,0.0,0,1740620977027,130,0.0
1740620977,0.63124,0.63127,0.0,0,1740620977330,134,0.0
1740620977,0.63125,0.63128,0.0,0,1740620977658,134,0.0
1740620978,0.63124,0.63127,0.0,0,1740620978320,134,0.0
1740620978,0.6312,0.63123,0.0,0,1740620978981,134,0.0
1740620979,0.63123,0.63126,0.0,0,1740620979970,134,0.0
1740620980,0.63122,0.63127,0.0,0,1740620980300,134,0.0
1740620985,0.63121,0.63126,0.0,0,1740620985910,134,0.0
1740620987,0.63122,0.63126,0.0,0,1740620987228,130,0.0
1740620989,0.63119,0.63123,0.0,0,1740620989872,134,0.0
1740620991,0.63119,0.63124,0.0,0,1740620991188,4,0.0
1740620994,0.6312,0.63124,0.0,0,1740620994162,130,0.0
1740620994,0.63119,0.63123,0.0,0,1740620994491,134,0.0
1740620998,0.63118,0.63121,0.0,0,1740620998119,134,0.0
1740620998,0.63119,0.63122,0.0,0,1740620998449,134,0.0
1740621000,0.63119,0.63122,0.0,0,1740621000100,130,0.0
1740621005,0.63117,0.6312,0.0,0,1740621005049,134,0.0
1740621006,0.63114,0.63118,0.0,0,1740621006369,134,0.0
1740621007,0.63113,0.63118,0.0,0,1740621007031,130,0.0
1740621011,0.63114,0.63118,0.0,0,1740621011021,130,0.0
1740621014,0.63119,0.63123,0.0,0,1740621014620,134,0.0
1740621015,0.63118,0.63123,0.0,0,1740621015280,130,0.0
1740621023,0.63119,0.63123,0.0,0,1740621023198,130,0.0
1740621023,0.63117,0.63121,0.0,0,1740621023528,134,0.0
1740621023,0.63118,0.63122,0.0,0,1740621023861,134,0.0
1740621024,0.63117,0.63122,0.0,0,1740621024189,130,0.0
1740621025,0.63118,0.63122,0.0,0,1740621025180,130,0.0
1740621028,0.63118,0.63121,0.0,0,1740621028149,4,0.0
1740621030,0.63119,0.63122,0.0,0,1740621030457,134,0.0
1740621033,0.6312,0.63123,0.0,0,1740621033762,134,0.0
1740621034,0.63119,0.63122,0.0,0,1740621034089,134,0.0
1740621038,0.63118,0.63121,0.0,0,1740621038378,134,0.0
1740621038,0.63117,0.6312,0.0,0,1740621038732,134,0.0
1740621039,0.63115,0.63118,0.0,0,1740621039699,134,0.0
1740621040,0.63114,0.63119,0.0,0,1740621040045,134,0.0
1740621042,0.63115,0.63119,0.0,0,1740621042018,130,0.0
1740621044,0.63116,0.6312,0.0,0,1740621044979,134,0.0
1740621046,0.63115,0.6312,0.0,0,1740621046300,130,0.0
1740621047,0.63117,0.63121,0.0,0,1740621047288,134,0.0
1740621049,0.63115,0.63119,0.0,0,1740621049270,134,0.0
1740621050,0.63114,0.63119,0.0,0,1740621050261,130,0.0
1740621053,0.63113,0.63118,0.0,0,1740621053230,134,0.0
1740621055,0.63114,0.63118,0.0,0,1740621055209,130,0.0
1740621057,0.63117,0.63121,0.0,0,1740621057850,134,0.0
1740621059,0.63116,0.63121,0.0,0,1740621059171,130,0.0
1740621060,0.63115,0.6312,0.0,0,1740621060160,134,0.0
1740621062,0.63116,0.63121,0.0,0,1740621062140,134,0.0
1740621068,0.63117,0.63121,0.0,0,1740621068077,130,0.0
1740621069,0.63118,0.63122,0.0,0,1740621069397,134,0.0
1740621069,0.63119,0.63123,0.0,0,1740621069424,134,0.0
1740621069,0.63118,0.63122,0.0,0,1740621069732,134,0.0
1740621070,0.63119,0.63123,0.0,0,1740621070719,134,0.0
1740621070,0.63118,0.63122,0.0,0,1740621070738,134,0.0
1740621071,0.63119,0.63123,0.0,0,1740621071380,134,0.0
1740621071,0.63118,0.63122,0.0,0,1740621071708,134,0.0
1740621072,0.63119,0.63123,0.0,0,1740621072040,134,0.0
1740621072,0.63117,0.63121,0.0,0,1740621072698,134,0.0
1740621073,0.63115,0.63119,0.0,0,1740621073689,134,0.0
1740621074,0.63114,0.63119,0.0,0,1740621074026,130,0.0
1740621074,0.63115,0.6312,0.0,0,1740621074349,134,0.0
1740621075,0.63116,0.63121,0.0,0,1740621075011,134,0.0
1740621082,0.63117,0.63121,0.0,0,1740621082272,130,0.0
1740621085,0.63117,0.6312,0.0,0,1740621085237,4,0.0
1740621086,0.63116,0.63119,0.0,0,1740621086887,134,0.0
1740621086,0.63115,0.63118,0.0,0,1740621086912,134,0.0
1740621087,0.63114,0.63117,0.0,0,1740621087220,134,0.0
1740621088,0.63113,0.63118,0.0,0,1740621088208,134,0.0
1740621092,0.63114,0.63118,0.0,0,1740621092170,130,0.0
1740621096,0.63114,0.63117,0.0,0,1740621096130,4,0.0
1740621098,0.63116,0.63119,0.0,0,1740621098442,134,0.0
1740621099,0.63114,0.63119,0.0,0,1740621099098,130,0.0
1740621100,0.63115,0.63119,0.0,0,1740621100089,130,0.0
1740621102,0.63116,0.63119,0.0,0,1740621102068,130,0.0
1740621110,0.63115,0.63118,0.0,0,1740621110322,134,0.0
1740621110,0.63114,0.63117,0.0,0,1740621110323,134,0.0
1740621111,0.63114,0.63118,0.0,0,1740621111309,4,0.0
1740621114,0.63116,0.63119,0.0,0,1740621114281,134,0.0
1740621115,0.63115,0.6312,0.0,0,1740621115270,134,0.0
1740621119,0.63116,0.6312,0.0,0,1740621119229,130,0.0
1740621120,0.63116,0.6312,0.0,0,1740621120220,130,0.0
1740621123,0.63117,0.6312,0.0,0,1740621123190,130,0.0
1740621123,0.63118,0.63121,0.0,0,1740621123520,134,0.0
1740621123,0.63116,0.63119,0.0,0,1740621123851,134,0.0
1740621124,0.63116,0.6312,0.0,0,1740621124181,4,0.0
1740621125,0.63115,0.6312,0.0,0,1740621125169,130,0.0
1740621130,0.63116,0.6312,0.0,0,1740621130118,130,0.0
1740621134,0.63117,0.6312,0.0,0,1740621134079,130,0.0
1740621138,0.63122,0.63125,0.0,0,1740621138037,134,0.0
1740621138,0.63118,0.63121,0.0,0,1740621138368,134,0.0
1740621138,0.63119,0.63122,0.0,0,1740621138383,134,0.0
1740621138,0.63118,0.63121,0.0,0,1740621138698,134,0.0
1740621139,0.63119,0.63122,0.0,0,1740621139029,134,0.0
1740621139,0.63117,0.63122,0.0,0,1740621139040,130,0.0
1740621143,0.63118,0.63122,0.0,0,1740621143031,130,0.0
1740621148,0.63118,0.63121,0.0,0,1740621148268,4,0.0
1740621154,0.63117,0.6312,0.0,0,1740621154209,134,0.0
1740621154,0.63116,0.63119,0.0,0,1740621154538,134,0.0
1740621155,0.63115,0.6312,0.0,0,1740621155198,134,0.0
1740621160,0.63114,0.63119,0.0,0,1740621160150,134,0.0
1740621160,0.63113,0.63118,0.0,0,1740621160808,134,0.0
1740621161,0.63114,0.63119,0.0,0,1740621161799,134,0.0
1740621162,0.63113,0.63118,0.0,0,1740621162128,134,0.0
1740621162,0.63114,0.63119,0.0,0,1740621162460,134,0.0
1740621164,0.63115,0.6312,0.0,0,1740621164437,134,0.0
1740621164,0.63114,0.63119,0.0,0,1740621164768,134,0.0
1740621165,0.63115,0.6312,0.0,0,1740621165438,134,0.0
1740621167,0.63116,0.63121,0.0,0,1740621167080,134,0.0
1740621170,0.63115,0.6312,0.0,0,1740621170050,134,0.0
1740621170,0.63113,0.63118,0.0,0,1740621170092,134,0.0
1740621178,0.63115,0.6312,0.0,0,1740621178298,134,0.0
1740621180,0.63115,0.6312,0.0,0,1740621180277,130,0.0
1740621189,0.63116,0.6312,0.0,0,1740621189189,130,0.0
1740621189,0.63117,0.63121,0.0,0,1740621189863,134,0.0
1740621190,0.63116,0.6312,0.0,0,1740621190178,134,0.0
1740621192,0.63117,0.6312,0.0,0,1740621192158,130,0.0
1740621201,0.63114,0.63117,0.0,0,1740621201069,134,0.0
1740621201,0.63113,0.63116,0.0,0,1740621201729,134,0.0
1740621202,0.63113,0.63118,0.0,0,1740621202060,4,0.0
1740621208,0.63112,0.63117,0.0,0,1740621208990,134,0.0
1740621212,0.63111,0.63116,0.0,0,1740621212289,134,0.0
1740621213,0.63112,0.63117,0.0,0,1740621213278,134,0.0
1740621217,0.63114,0.63119,0.0,0,1740621217240,134,0.0
1740621222,0.63112,0.63117,0.0,0,1740621222850,134,0.0
1740621223,0.63113,0.63118,0.0,0,1740621223192,134,0.0
1740621228,0.63112,0.63117,0.0,0,1740621228459,134,0.0
1740621230,0.63113,0.63117,0.0,0,1740621230108,130,0.0
1740621233,0.63114,0.63117,0.0,0,1740621233077,130,0.0
1740621235,0.63114,0.63118,0.0,0,1740621235057,4,0.0
1740621236,0.63115,0.63118,0.0,0,1740621236047,130,0.0
1740621238,0.63114,0.63117,0.0,0,1740621238026,134,0.0
1740621238,0.63113,0.63117,0.0,0,1740621238055,130,0.0
1740621238,0.63114,0.63118,0.0,0,1740621238356,134,0.0
1740621238,0.63116,0.6312,0.0,0,1740621238359,134,0.0
1740621238,0.63117,0.63121,0.0,0,1740621238688,134,0.0
1740621239,0.63117,0.63122,0.0,0,1740621239019,4,0.0
1740621240,0.63117,0.63122,0.0,0,1740621240011,130,0.0
1740621241,0.63116,0.63121,0.0,0,1740621241988,134,0.0
1740621241,0.63115,0.6312,0.0,0,1740621241997,134,0.0
1740621242,0.63114,0.63119,0.0,0,1740621242318,134,0.0
1740621248,0.63113,0.63118,0.0,0,1740621248588,134,0.0
1740621251,0.63114,0.63119,0.0,0,1740621251228,134,0.0
1740621252,0.63113,0.63118,0.0,0,1740621252217,134,0.0
1740621253,0.63112,0.63117,0.0,0,1740621253868,134,0.0
1740621255,0.63111,0.63116,0.0,0,1740621255518,134,0.0
1740621256,0.63112,0.63117,0.0,0,1740621256838,134,0.0
1740621259,0.63113,0.63117,0.0,0,1740621259147,130,0.0
1740621262,0.63114,0.63117,0.0,0,1740621262121,130,0.0
1740621268,0.63113,0.63116,0.0,0,1740621268742,134,0.0
1740621269,0.63112,0.63115,0.0,0,1740621269052,134,0.0
1740621273,0.63111,0.63115,0.0,0,1740621273337,130,0.0
1740621273,0.63112,0.63116,0.0,0,1740621273669,134,0.0
1740621274,0.63113,0.63118,0.0,0,1740621274326,134,0.0
1740621279,0.63112,0.63117,0.0,0,1740621279937,134,0.0
1740621280,0.63113,0.63118,0.0,0,1740621280600,134,0.0
1740621280,0.63112,0.63117,0.0,0,1740621280926,134,0.0
1740621281,0.63113,0.63118,0.0,0,1740621281916,134,0.0
1740621283,0.63114,0.63118,0.0,0,1740621283236,130,0.0
1740621285,0.63114,0.63117,0.0,0,1740621285217,4,0.0
1740621288,0.63113,0.63116,0.0,0,1740621288517,134,0.0
1740621289,0.63114,0.63117,0.0,0,1740621289177,134,0.0
1740621294,0.63113,0.63116,0.0,0,1740621294788,134,0.0
1740621295,0.63116,0.63119,0.0,0,1740621295118,134,0.0
1740621296,0.63115,0.6312,0.0,0,1740621296108,134,0.0
1740621300,0.63115,0.6312,0.0,0,1740621300068,130,0.0
1740621302,0.63116,0.6312,0.0,0,1740621302049,130,0.0
1740621305,0.63116,0.63119,0.0,0,1740621305019,4,0.0
1740621320,0.63115,0.63118,0.0,0,1740621320200,134,0.0
1740621327,0.63114,0.63117,0.0,0,1740621327458,134,0.0
1740621329,0.63114,0.63118,0.0,0,1740621329106,4,0.0
1740621332,0.63112,0.63116,0.0,0,1740621332079,134,0.0
1740621333,0.63111,0.63116,0.0,0,1740621333066,130,0.0
1740621333,0.63112,0.63117,0.0,0,1740621333727,134,0.0
1740621342,0.63113,0.63118,0.0,0,1740621342308,134,0.0
1740621348,0.63114,0.63118,0.0,0,1740621348246,130,0.0
1740621353,0.63114,0.63117,0.0,0,1740621353198,4,0.0
1740621354,0.63114,0.63118,0.0,0,1740621354186,4,0.0
1740621356,0.63113,0.63116,0.0,0,1740621356166,134,0.0
1740621357,0.63112,0.63117,0.0,0,1740621357156,134,0.0
1740621358,0.63113,0.63117,0.0,0,1740621358147,130,0.0
1740621358,0.63112,0.63116,0.0,0,1740621358477,134,0.0
1740621358,0.63114,0.63118,0.0,0,1740621358808,134,0.0
1740621360,0.63113,0.63118,0.0,0,1740621360128,130,0.0
1740621364,0.63114,0.63118,0.0,0,1740621364086,130,0.0
1740621368,0.63112,0.63116,0.0,0,1740621368707,134,0.0
1740621369,0.63111,0.63115,0.0,0,1740621369368,134,0.0
1740621370,0.6311,0.63115,0.0,0,1740621370060,130,0.0
1740621382,0.63111,0.63115,0.0,0,1740621382236,130,0.0
1740621386,0.6311,0.63113,0.0,0,1740621386195,134,0.0
1740621387,0.63108,0.63113,0.0,0,1740621387185,130,0.0
1740621389,0.63107,0.63111,0.0,0,1740621389167,134,0.0
1740621389,0.63108,0.63112,0.0,0,1740621389496,134,0.0
1740621390,0.6311,0.63115,0.0,0,1740621390157,134,0.0
1740621405,0.63109,0.63114,0.0,0,1740621405997,134,0.0
1740621408,0.63108,0.63113,0.0,0,1740621408641,134,0.0
1740621408,0.63107,0.63112,0.0,0,1740621408966,134,0.0
1740621409,0.63105,0.6311,0.0,0,1740621409297,134,0.0
1740621411,0.63106,0.63111,0.0,0,1740621411608,134,0.0
1740621411,0.63105,0.6311,0.0,0,1740621411979,134,0.0
1740621414,0.63102,0.63107,0.0,0,1740621414245,134,0.0
1740621419,0.63101,0.63106,0.0,0,1740621419195,134,0.0
1740621420,0.63101,0.63106,0.0,0,1740621420187,130,0.0
1740621427,0.63102,0.63107,0.0,0,1740621427115,134,0.0
1740621430,0.63103,0.63107,0.0,0,1740621430085,130,0.0
1740621432,0.63104,0.63108,0.0,0,1740621432756,134,0.0
1740621434,0.63103,0.63107,0.0,0,1740621434045,134,0.0
1740621437,0.63104,0.63107,0.0,0,1740621437043,130,0.0
1740621440,0.63105,0.63108,0.0,0,1740621440315,134,0.0
1740621445,0.63104,0.63107,0.0,0,1740621445925,134,0.0
1740621449,0.63105,0.63108,0.0,0,1740621449886,134,0.0
1740621450,0.63107,0.6311,0.0,0,1740621450545,134,0.0
1740621451,0.63105,0.6311,0.0,0,1740621451203,130,0.0
1740621451,0.63104,0.63109,0.0,0,1740621451536,134,0.0
1740621455,0.63103,0.63108,0.0,0,1740621455826,134,0.0
1740621460,0.63104,0.63108,0.0,0,1740621460115,130,0.0
1740621464,0.63104,0.63107,0.0,0,1740621464075,4,0.0
1740621470,0.63103,0.63106,0.0,0,1740621470347,134,0.0
1740621471,0.63102,0.63107,0.0,0,1740621471030,134,0.0
1740621473,0.63103,0.63107,0.0,0,1740621473317,130,0.0
1740621475,0.63102,0.63106,0.0,0,1740621475957,134,0.0
1740621478,0.63103,0.63106,0.0,0,1740621478265,130,0.0
1740621480,0.63103,0.63106,0.0,0,1740621480245,130,0.0
1740621484,0.63102,0.63105,0.0,0,1740621484206,134,0.0
1740621485,0.63101,0.63105,0.0,0,1740621485196,130,0.0
1740621487,0.63102,0.63105,0.0,0,1740621487174,130,0.0
1740621491,0.63101,0.63105,0.0,0,1740621491135,130,0.0
1740621494,0.63102,0.63105,0.0,0,1740621494103,130,0.0
1740621494,0.63101,0.63104,0.0,0,1740621494765,134,0.0
1740621496,0.63101,0.63105,0.0,0,1740621496083,4,0.0
1740621497,0.63101,0.63104,0.0,0,1740621497074,4,0.0
1740621501,0.631,0.63103,0.0,0,1740621501363,134,0.0
1740621501,0.63101,0.63104,0.0,0,1740621501695,134,0.0
1740621502,0.631,0.63104,0.0,0,1740621502026,130,0.0
1740621503,0.63099,0.63104,0.0,0,1740621503034,130,0.0
1740621505,0.631,0.63104,0.0,0,1740621505326,130,0.0
1740621505,0.63104,0.63108,0.0,0,1740621505656,134,0.0
1740621507,0.63103,0.63108,0.0,0,1740621507022,130,0.0
