time,bid,ask,last,volume,time_msc,flags,volume_real
1637950496,1.13167,1.13169,0.0,0,1637950496968,134,0.0
1637950497,1.13166,1.13169,0.0,0,1637950497220,130,0.0
1637950497,1.13167,1.1317,0.0,0,1637950497902,134,0.0
1637950498,1.13169,1.13171,0.0,0,1637950498317,134,0.0
1637950498,1.13168,1.1317,0.0,0,1637950498827,134,0.0
1637950500,1.13169,1.13171,0.0,0,1637950500117,134,0.0
1637950500,1.13166,1.13168,0.0,0,1637950500670,134,0.0
1637950500,1.13164,1.13167,0.0,0,1637950500924,134,0.0
1637950501,1.13167,1.1317,0.0,0,1637950501432,134,0.0
1637950502,1.13168,1.1317,0.0,0,1637950502458,130,0.0
1637950502,1.13165,1.13167,0.0,0,1637950502991,134,0.0
1637950503,1.13163,1.13165,0.0,0,1637950503254,134,0.0
1637950504,1.13162,1.13165,0.0,0,1637950504450,130,0.0
1637950504,1.13162,1.13164,0.0,0,1637950504725,4,0.0
1637950504,1.13163,1.13165,0.0,0,1637950504997,134,0.0
1637950506,1.13167,1.13169,0.0,0,1637950506202,134,0.0
1637950506,1.13166,1.13169,0.0,0,1637950506468,130,0.0
1637950506,1.13166,1.13168,0.0,0,1637950506734,4,0.0
1637950507,1.13167,1.13169,0.0,0,1637950507672,134,0.0
1637950507,1.13168,1.1317,0.0,0,1637950507926,134,0.0
1637950508,1.1317300000000001,1.13175,0.0,0,1637950508184,134,0.0
1637950508,1.13175,1.13177,0.0,0,1637950508471,134,0.0
1637950509,1.13174,1.1317599999999999,0.0,0,1637950509835,134,0.0
1637950510,1.13175,1.13177,0.0,0,1637950510097,134,0.0
1637950510,1.13178,1.1318,0.0,0,1637950510857,134,0.0
1637950511,1.1318,1.13182,0.0,0,1637950511112,134,0.0
1637950512,1.13182,1.13184,0.0,0,1637950512182,134,0.0
1637950512,1.13183,1.13185,0.0,0,1637950512714,134,0.0
1637950513,1.13183,1.13186,0.0,0,1637950513001,4,0.0
1637950514,1.13183,1.13185,0.0,0,1637950514532,4,0.0
1637950515,1.13179,1.13181,0.0,0,1637950515089,134,0.0
1637950515,1.13179,1.13182,0.0,0,1637950515355,4,0.0
1637950515,1.13179,1.13181,0.0,0,1637950515840,4,0.0
1637950516,1.13177,1.13179,0.0,0,1637950516358,134,0.0
1637950517,1.13178,1.1318,0.0,0,1637950517431,134,0.0
1637950518,1.13177,1.13179,0.0,0,1637950518222,134,0.0
1637950520,1.13179,1.13181,0.0,0,1637950520581,134,0.0
1637950522,1.13183,1.13185,0.0,0,1637950522097,134,0.0
1637950522,1.13183,1.13186,0.0,0,1637950522745,4,0.0
1637950523,1.13187,1.13189,0.0,0,1637950523397,134,0.0
1637950523,1.13189,1.13191,0.0,0,1637950523652,134,0.0
1637950524,1.13187,1.1319,0.0,0,1637950524156,134,0.0
1637950524,1.13188,1.1319,0.0,0,1637950524434,130,0.0
1637950524,1.13189,1.13191,0.0,0,1637950524686,134,0.0
1637950525,1.13188,1.13191,0.0,0,1637950525034,130,0.0
1637950525,1.13185,1.13188,0.0,0,1637950525342,134,0.0
1637950525,1.13184,1.13187,0.0,0,1637950525902,134,0.0
1637950526,1.13184,1.13186,0.0,0,1637950526340,4,0.0
1637950526,1.13181,1.13183,0.0,0,1637950526636,134,0.0
1637950526,1.1318,1.13183,0.0,0,1637950526935,130,0.0
1637950527,1.13181,1.13184,0.0,0,1637950527671,134,0.0
1637950530,1.13181,1.13183,0.0,0,1637950530370,4,0.0
1637950530,1.1318,1.13182,0.0,0,1637950530788,134,0.0
1637950532,1.13182,1.13184,0.0,0,1637950532921,134,0.0
1637950533,1.13183,1.13185,0.0,0,1637950533176,134,0.0
1637950533,1.13184,1.13186,0.0,0,1637950533805,134,0.0
1637950534,1.13182,1.13184,0.0,0,1637950534767,134,0.0
1637950535,1.13181,1.13184,0.0,0,1637950535050,130,0.0
1637950535,1.13182,1.13184,0.0,0,1637950535416,130,0.0
1637950536,1.13185,1.13187,0.0,0,1637950536851,134,0.0
1637950537,1.13184,1.13186,0.0,0,1637950537105,134,0.0
1637950538,1.13183,1.13186,0.0,0,1637950538222,130,0.0
1637950539,1.13184,1.13186,0.0,0,1637950539929,130,0.0
1637950540,1.13182,1.13184,0.0,0,1637950540481,134,0.0
1637950540,1.13181,1.13183,0.0,0,1637950540870,134,0.0
1637950541,1.13179,1.13181,0.0,0,1637950541134,134,0.0
1637950542,1.13178,1.13181,0.0,0,1637950542669,130,0.0
1637950542,1.13177,1.13179,0.0,0,1637950542967,134,0.0
1637950543,1.13178,1.1318,0.0,0,1637950543867,134,0.0
1637950545,1.13181,1.13184,0.0,0,1637950545488,134,0.0
1637950546,1.13181,1.13183,0.0,0,1637950546155,4,0.0
1637950546,1.13181,1.13184,0.0,0,1637950546525,4,0.0
1637950546,1.13183,1.13185,0.0,0,1637950546838,134,0.0
1637950547,1.13182,1.13184,0.0,0,1637950547090,134,0.0
1637950547,1.13181,1.13183,0.0,0,1637950547355,134,0.0
1637950547,1.13179,1.13181,0.0,0,1637950547616,134,0.0
1637950548,1.13181,1.13183,0.0,0,1637950548169,134,0.0
1637950548,1.13181,1.13184,0.0,0,1637950548708,4,0.0
1637950549,1.13181,1.13183,0.0,0,1637950549603,4,0.0
1637950551,1.13179,1.13181,0.0,0,1637950551228,134,0.0
1637950551,1.13178,1.1318,0.0,0,1637950551497,134,0.0
1637950552,1.13175,1.13177,0.0,0,1637950552493,134,0.0
1637950552,1.1317300000000001,1.13175,0.0,0,1637950552779,134,0.0
1637950553,1.13175,1.13177,0.0,0,1637950553046,134,0.0
1637950553,1.13177,1.13179,0.0,0,1637950553305,134,0.0
1637950553,1.1318,1.13182,0.0,0,1637950553575,134,0.0
1637950553,1.13184,1.13186,0.0,0,1637950553835,134,0.0
1637950554,1.13185,1.13187,0.0,0,1637950554087,134,0.0
1637950554,1.13184,1.13186,0.0,0,1637950554638,134,0.0
1637950554,1.13181,1.13183,0.0,0,1637950554935,134,0.0
1637950555,1.13177,1.13179,0.0,0,1637950555803,134,0.0
1637950556,1.13177,1.1318,0.0,0,1637950556081,4,0.0
1637950556,1.1317599999999999,1.13179,0.0,0,1637950556689,134,0.0
1637950557,1.1317599999999999,1.13178,0.0,0,1637950557504,4,0.0
1637950558,1.13177,1.13179,0.0,0,1637950558076,134,0.0
1637950558,1.1317599999999999,1.13178,0.0,0,1637950558363,134,0.0
1637950558,1.13175,1.13177,0.0,0,1637950558665,134,0.0
1637950559,1.1317300000000001,1.13175,0.0,0,1637950559661,134,0.0
1637950560,1.1317300000000001,1.1317599999999999,0.0,0,1637950560543,134,0.0
1637950560,1.1317599999999999,1.13179,0.0,0,1637950560830,134,0.0
1637950561,1.1318,1.13182,0.0,0,1637950561089,134,0.0
1637950561,1.1318,1.13183,0.0,0,1637950561691,4,0.0
1637950562,1.13185,1.13187,0.0,0,1637950562843,134,0.0
1637950563,1.13187,1.13189,0.0,0,1637950563406,134,0.0
1637950563,1.13186,1.13188,0.0,0,1637950563670,134,0.0
1637950563,1.13185,1.13187,0.0,0,1637950563937,134,0.0
1637950564,1.13179,1.13182,0.0,0,1637950564483,134,0.0
1637950564,1.13179,1.13181,0.0,0,1637950564733,4,0.0
1637950564,1.1318,1.13182,0.0,0,1637950564986,134,0.0
1637950566,1.13183,1.13185,0.0,0,1637950566620,134,0.0
1637950566,1.13186,1.13188,0.0,0,1637950566875,134,0.0
1637950567,1.13183,1.13185,0.0,0,1637950567167,134,0.0
1637950567,1.13185,1.13187,0.0,0,1637950567441,134,0.0
1637950567,1.13186,1.13188,0.0,0,1637950567966,134,0.0
1637950571,1.13188,1.1319,0.0,0,1637950571534,134,0.0
1637950571,1.13189,1.13191,0.0,0,1637950571791,134,0.0
1637950572,1.13188,1.1319,0.0,0,1637950572586,134,0.0
1637950574,1.13189,1.13191,0.0,0,1637950574334,134,0.0
1637950574,1.1319,1.13192,0.0,0,1637950574650,134,0.0
1637950576,1.13191,1.13193,0.0,0,1637950576482,134,0.0
1637950578,1.1319,1.13192,0.0,0,1637950578114,134,0.0
1637950578,1.13185,1.13187,0.0,0,1637950578637,134,0.0
1637950578,1.13184,1.13186,0.0,0,1637950578898,134,0.0
1637950579,1.13182,1.13184,0.0,0,1637950579200,134,0.0
1637950579,1.13181,1.13183,0.0,0,1637950579452,134,0.0
1637950580,1.1318,1.13182,0.0,0,1637950580104,134,0.0
1637950580,1.13185,1.13187,0.0,0,1637950580889,134,0.0
1637950581,1.13183,1.13185,0.0,0,1637950581172,134,0.0
1637950581,1.13181,1.13183,0.0,0,1637950581737,134,0.0
1637950582,1.13183,1.13185,0.0,0,1637950582268,134,0.0
1637950584,1.13182,1.13184,0.0,0,1637950584917,134,0.0
1637950585,1.1318,1.13182,0.0,0,1637950585171,134,0.0
1637950586,1.13181,1.13183,0.0,0,1637950586275,134,0.0
1637950586,1.13183,1.13185,0.0,0,1637950586539,134,0.0
1637950587,1.13185,1.13187,0.0,0,1637950587111,134,0.0
1637950587,1.13185,1.13188,0.0,0,1637950587663,4,0.0
1637950587,1.13185,1.13187,0.0,0,1637950587994,4,0.0
1637950590,1.13186,1.13188,0.0,0,1637950590301,134,0.0
1637950590,1.13186,1.13189,0.0,0,1637950590558,4,0.0
1637950590,1.13189,1.13191,0.0,0,1637950590813,134,0.0
1637950591,1.13188,1.1319,0.0,0,1637950591083,134,0.0
1637950591,1.13186,1.13188,0.0,0,1637950591603,134,0.0
1637950591,1.13185,1.13187,0.0,0,1637950591875,134,0.0
1637950592,1.13184,1.13186,0.0,0,1637950592140,134,0.0
1637950594,1.13181,1.13183,0.0,0,1637950594815,134,0.0
1637950595,1.13184,1.13186,0.0,0,1637950595070,134,0.0
1637950595,1.13183,1.13185,0.0,0,1637950595324,134,0.0
1637950595,1.13184,1.13186,0.0,0,1637950595978,134,0.0
1637950596,1.13182,1.13184,0.0,0,1637950596231,134,0.0
1637950598,1.1318,1.13182,0.0,0,1637950598352,134,0.0
1637950600,1.13181,1.13183,0.0,0,1637950600397,134,0.0
1637950600,1.13182,1.13184,0.0,0,1637950600658,134,0.0
1637950601,1.13182,1.13185,0.0,0,1637950601470,4,0.0
1637950601,1.13182,1.13184,0.0,0,1637950601749,4,0.0
1637950602,1.13179,1.13181,0.0,0,1637950602001,134,0.0
1637950602,1.13182,1.13184,0.0,0,1637950602994,134,0.0
1637950603,1.13182,1.13185,0.0,0,1637950603616,4,0.0
1637950604,1.13182,1.13184,0.0,0,1637950604255,4,0.0
1637950604,1.13181,1.13183,0.0,0,1637950604822,134,0.0
1637950605,1.13179,1.13181,0.0,0,1637950605078,134,0.0
1637950605,1.1317599999999999,1.13179,0.0,0,1637950605995,134,0.0
1637950606,1.1317599999999999,1.1318,0.0,0,1637950606255,4,0.0
1637950606,1.1317599999999999,1.13178,0.0,0,1637950606552,4,0.0
1637950607,1.13178,1.1318,0.0,0,1637950607214,134,0.0
1637950607,1.13177,1.13179,0.0,0,1637950607512,134,0.0
1637950608,1.13178,1.1318,0.0,0,1637950608166,134,0.0
1637950608,1.13181,1.13183,0.0,0,1637950608868,134,0.0
1637950609,1.13181,1.13184,0.0,0,1637950609137,4,0.0
1637950609,1.13179,1.13181,0.0,0,1637950609395,134,0.0
1637950609,1.13178,1.1318,0.0,0,1637950609662,134,0.0
1637950610,1.13179,1.13181,0.0,0,1637950610825,134,0.0
1637950611,1.13178,1.1318,0.0,0,1637950611355,134,0.0
1637950612,1.13179,1.13181,0.0,0,1637950612007,134,0.0
1637950612,1.13181,1.13183,0.0,0,1637950612549,134,0.0
1637950615,1.13184,1.13186,0.0,0,1637950615468,134,0.0
1637950616,1.13188,1.1319,0.0,0,1637950616307,134,0.0
1637950617,1.13189,1.13191,0.0,0,1637950617651,134,0.0
1637950619,1.1319,1.13192,0.0,0,1637950619187,134,0.0
1637950619,1.13189,1.13191,0.0,0,1637950619972,134,0.0
1637950620,1.1319,1.13192,0.0,0,1637950620248,134,0.0
1637950622,1.13192,1.13194,0.0,0,1637950622636,134,0.0
1637950622,1.13191,1.13193,0.0,0,1637950622897,134,0.0
1637950623,1.1319,1.13192,0.0,0,1637950623202,134,0.0
1637950624,1.13189,1.13191,0.0,0,1637950624159,134,0.0
1637950625,1.13188,1.1319,0.0,0,1637950625644,134,0.0
1637950625,1.13187,1.13189,0.0,0,1637950625900,134,0.0
1637950626,1.13188,1.1319,0.0,0,1637950626175,134,0.0
1637950627,1.13189,1.13191,0.0,0,1637950627028,134,0.0
1637950628,1.13187,1.13189,0.0,0,1637950628480,134,0.0
1637950628,1.13186,1.13189,0.0,0,1637950628826,130,0.0
1637950629,1.13187,1.13189,0.0,0,1637950629339,130,0.0
1637950631,1.13185,1.13188,0.0,0,1637950631248,134,0.0
1637950631,1.13184,1.13188,0.0,0,1637950631525,130,0.0
1637950631,1.13186,1.13188,0.0,0,1637950631792,130,0.0
1637950632,1.13187,1.13189,0.0,0,1637950632296,134,0.0
1637950632,1.13187,1.1319,0.0,0,1637950632648,4,0.0
1637950632,1.13186,1.13189,0.0,0,1637950632954,134,0.0
1637950633,1.13187,1.13189,0.0,0,1637950633216,130,0.0
1637950635,1.13187,1.1319,0.0,0,1637950635361,4,0.0
1637950635,1.13186,1.1319,0.0,0,1637950635648,130,0.0
1637950637,1.13186,1.13188,0.0,0,1637950637832,4,0.0
1637950639,1.13186,1.13189,0.0,0,1637950639987,4,0.0
1637950640,1.13189,1.13191,0.0,0,1637950640246,134,0.0
1637950640,1.1319,1.13193,0.0,0,1637950640498,134,0.0
1637950642,1.13191,1.13193,0.0,0,1637950642302,130,0.0
1637950642,1.13192,1.13194,0.0,0,1637950642558,134,0.0
1637950643,1.13191,1.13194,0.0,0,1637950643987,130,0.0
1637950644,1.13191,1.13193,0.0,0,1637950644294,4,0.0
1637950645,1.13191,1.13194,0.0,0,1637950645830,4,0.0
1637950646,1.13191,1.13193,0.0,0,1637950646114,4,0.0
1637950646,1.13195,1.13197,0.0,0,1637950646389,134,0.0
1637950646,1.13194,1.13197,0.0,0,1637950646658,130,0.0
1637950647,1.13193,1.13195,0.0,0,1637950647207,134,0.0
1637950647,1.13194,1.13196,0.0,0,1637950647471,134,0.0
1637950647,1.13195,1.13197,0.0,0,1637950647982,134,0.0
1637950648,1.13194,1.13197,0.0,0,1637950648510,130,0.0
1637950651,1.13195,1.13198,0.0,0,1637950651675,134,0.0
1637950652,1.13193,1.13196,0.0,0,1637950652408,134,0.0
1637950653,1.13193,1.13195,0.0,0,1637950653452,4,0.0
1637950654,1.13193,1.13196,0.0,0,1637950654035,4,0.0
1637950656,1.13195,1.13197,0.0,0,1637950656007,134,0.0
1637950656,1.13194,1.13197,0.0,0,1637950656279,130,0.0
1637950657,1.13195,1.13197,0.0,0,1637950657947,130,0.0
1637950658,1.13194,1.13196,0.0,0,1637950658216,134,0.0
1637950658,1.13194,1.13197,0.0,0,1637950658472,4,0.0
1637950659,1.13194,1.13196,0.0,0,1637950659470,4,0.0
1637950660,1.13193,1.13195,0.0,0,1637950660946,134,0.0
1637950661,1.13192,1.13195,0.0,0,1637950661542,130,0.0
1637950664,1.13193,1.13195,0.0,0,1637950664104,130,0.0
1637950666,1.13195,1.13197,0.0,0,1637950666253,134,0.0
1637950666,1.13194,1.13197,0.0,0,1637950666779,130,0.0
1637950667,1.13193,1.13195,0.0,0,1637950667631,134,0.0
1637950669,1.13189,1.13191,0.0,0,1637950669428,134,0.0
1637950670,1.13187,1.1319,0.0,0,1637950670353,134,0.0
1637950670,1.13188,1.1319,0.0,0,1637950670841,130,0.0
1637950671,1.1319,1.13192,0.0,0,1637950671290,134,0.0
1637950671,1.1319,1.13193,0.0,0,1637950671547,4,0.0
1637950672,1.13192,1.13195,0.0,0,1637950672109,134,0.0
1637950672,1.13192,1.13194,0.0,0,1637950672398,4,0.0
1637950672,1.13198,1.1320000000000001,0.0,0,1637950672651,134,0.0
1637950672,1.13203,1.13205,0.0,0,1637950672902,134,0.0
1637950674,1.13206,1.13209,0.0,0,1637950674104,134,0.0
1637950674,1.13206,1.13208,0.0,0,1637950674816,4,0.0
1637950676,1.13205,1.13207,0.0,0,1637950676275,134,0.0
1637950676,1.13207,1.13209,0.0,0,1637950676571,134,0.0
1637950677,1.13206,1.13208,0.0,0,1637950677484,134,0.0
1637950680,1.13207,1.13209,0.0,0,1637950680142,134,0.0
1637950680,1.13208,1.1320999999999999,0.0,0,1637950680401,134,0.0
1637950680,1.13207,1.13209,0.0,0,1637950680657,134,0.0
1637950680,1.13209,1.13211,0.0,0,1637950680915,134,0.0
1637950681,1.13208,1.1320999999999999,0.0,0,1637950681434,134,0.0
1637950682,1.13205,1.13207,0.0,0,1637950682002,134,0.0
1637950683,1.13204,1.13206,0.0,0,1637950683130,134,0.0
1637950684,1.13202,1.13204,0.0,0,1637950684812,134,0.0
1637950685,1.13203,1.13205,0.0,0,1637950685325,134,0.0
1637950686,1.13202,1.13204,0.0,0,1637950686531,134,0.0
1637950687,1.1320000000000001,1.13202,0.0,0,1637950687307,134,0.0
1637950687,1.13201,1.13203,0.0,0,1637950687581,134,0.0
1637950687,1.1320000000000001,1.13202,0.0,0,1637950687948,134,0.0
1637950688,1.1320000000000001,1.13203,0.0,0,1637950688375,4,0.0
1637950688,1.1320000000000001,1.13202,0.0,0,1637950688774,4,0.0
1637950689,1.1320000000000001,1.13203,0.0,0,1637950689448,4,0.0
1637950689,1.13201,1.13203,0.0,0,1637950689967,130,0.0
1637950690,1.13202,1.13204,0.0,0,1637950690289,134,0.0
1637950690,1.13201,1.13204,0.0,0,1637950690571,130,0.0
1637950690,1.13202,1.13204,0.0,0,1637950690848,130,0.0
1637950692,1.13201,1.13203,0.0,0,1637950692170,134,0.0
1637950693,1.13202,1.13204,0.0,0,1637950693004,134,0.0
1637950693,1.13201,1.13204,0.0,0,1637950693579,130,0.0
1637950695,1.13201,1.13203,0.0,0,1637950695231,4,0.0
1637950695,1.13201,1.13204,0.0,0,1637950695520,4,0.0
1637950699,1.13203,1.13206,0.0,0,1637950699935,134,0.0
1637950700,1.13203,1.13205,0.0,0,1637950700191,4,0.0
1637950700,1.13202,1.13204,0.0,0,1637950700446,134,0.0
1637950700,1.13201,1.13204,0.0,0,1637950700706,130,0.0
1637950701,1.13203,1.13205,0.0,0,1637950701018,134,0.0
1637950701,1.13202,1.13205,0.0,0,1637950701382,130,0.0
1637950702,1.13204,1.13206,0.0,0,1637950702815,134,0.0
1637950703,1.13202,1.13204,0.0,0,1637950703676,134,0.0
1637950704,1.13201,1.13203,0.0,0,1637950704971,134,0.0
1637950708,1.1320000000000001,1.13202,0.0,0,1637950708159,134,0.0
1637950708,1.13201,1.13203,0.0,0,1637950708441,134,0.0
1637950708,1.1320000000000001,1.13202,0.0,0,1637950708995,134,0.0
1637950712,1.13198,1.1320000000000001,0.0,0,1637950712192,134,0.0
1637950712,1.1320000000000001,1.13202,0.0,0,1637950712452,134,0.0
1637950713,1.13199,1.13201,0.0,0,1637950713001,134,0.0
1637950713,1.13199,1.13203,0.0,0,1637950713583,4,0.0
1637950715,1.13199,1.13202,0.0,0,1637950715356,4,0.0
1637950715,1.13201,1.13204,0.0,0,1637950715810,134,0.0
1637950716,1.13201,1.13203,0.0,0,1637950716407,4,0.0
1637950718,1.13201,1.13204,0.0,0,1637950718385,4,0.0
1637950719,1.13203,1.13205,0.0,0,1637950719134,134,0.0
1637950719,1.13205,1.13207,0.0,0,1637950719389,134,0.0
1637950719,1.13204,1.13206,0.0,0,1637950719908,134,0.0
1637950720,1.13203,1.13206,0.0,0,1637950720160,130,0.0
1637950721,1.13204,1.13207,0.0,0,1637950721519,134,0.0
1637950722,1.13202,1.13204,0.0,0,1637950722067,134,0.0
1637950722,1.13201,1.13204,0.0,0,1637950722325,130,0.0
1637950723,1.13202,1.13205,0.0,0,1637950723288,134,0.0
1637950723,1.13201,1.13204,0.0,0,1637950723559,134,0.0
1637950723,1.13204,1.13206,0.0,0,1637950723813,134,0.0
1637950724,1.13202,1.13204,0.0,0,1637950724064,134,0.0
1637950724,1.13204,1.13206,0.0,0,1637950724324,134,0.0
1637950726,1.13206,1.13208,0.0,0,1637950726879,134,0.0
1637950727,1.13207,1.1320999999999999,0.0,0,1637950727139,134,0.0
1637950727,1.13204,1.13207,0.0,0,1637950727392,134,0.0
1637950728,1.13204,1.13206,0.0,0,1637950728487,4,0.0
1637950730,1.13202,1.13205,0.0,0,1637950730552,134,0.0
1637950730,1.13203,1.13206,0.0,0,1637950730808,134,0.0
1637950731,1.13201,1.13203,0.0,0,1637950731319,134,0.0
1637950731,1.13204,1.13206,0.0,0,1637950731955,134,0.0
1637950732,1.13203,1.13206,0.0,0,1637950732236,130,0.0
1637950732,1.13203,1.13205,0.0,0,1637950732598,4,0.0
1637950734,1.13205,1.13207,0.0,0,1637950734099,134,0.0
1637950734,1.13204,1.13207,0.0,0,1637950734368,130,0.0
1637950735,1.13205,1.13207,0.0,0,1637950735394,130,0.0
1637950737,1.13204,1.13206,0.0,0,1637950737477,134,0.0
1637950738,1.13205,1.13207,0.0,0,1637950738877,134,0.0
1637950739,1.13204,1.13206,0.0,0,1637950739325,134,0.0
1637950739,1.13203,1.13206,0.0,0,1637950739600,130,0.0
1637950740,1.13203,1.13206,0.0,0,1637950740522,130,0.0
1637950741,1.13203,1.13205,0.0,0,1637950741425,4,0.0
1637950742,1.13203,1.13206,0.0,0,1637950742210,4,0.0
1637950742,1.13202,1.13205,0.0,0,1637950742543,134,0.0
1637950742,1.13203,1.13205,0.0,0,1637950742832,130,0.0
1637950745,1.13203,1.13206,0.0,0,1637950745828,4,0.0
1637950746,1.13203,1.13205,0.0,0,1637950746380,4,0.0
1637950749,1.13204,1.13206,0.0,0,1637950749936,134,0.0
1637950750,1.13203,1.13205,0.0,0,1637950750559,134,0.0
1637950753,1.13204,1.13206,0.0,0,1637950753093,134,0.0
1637950759,1.13202,1.13205,0.0,0,1637950759573,134,0.0
1637950760,1.1320000000000001,1.13203,0.0,0,1637950760594,134,0.0
1637950761,1.13202,1.13204,0.0,0,1637950761084,134,0.0
1637950761,1.13203,1.13205,0.0,0,1637950761374,134,0.0
1637950762,1.13204,1.13206,0.0,0,1637950762741,134,0.0
1637950764,1.13202,1.13204,0.0,0,1637950764131,134,0.0
1637950764,1.13203,1.13205,0.0,0,1637950764451,134,0.0
1637950765,1.13204,1.13206,0.0,0,1637950765520,134,0.0
1637950768,1.13203,1.13205,0.0,0,1637950768170,134,0.0
1637950768,1.13204,1.13206,0.0,0,1637950768771,134,0.0
1637950769,1.13206,1.13208,0.0,0,1637950769395,134,0.0
1637950769,1.13205,1.13207,0.0,0,1637950769657,134,0.0
1637950769,1.13203,1.13205,0.0,0,1637950769927,134,0.0
1637950770,1.13202,1.13204,0.0,0,1637950770552,134,0.0
1637950770,1.13203,1.13205,0.0,0,1637950770826,134,0.0
1637950771,1.13203,1.13206,0.0,0,1637950771989,4,0.0
1637950772,1.13204,1.13206,0.0,0,1637950772264,130,0.0
1637950773,1.13205,1.13207,0.0,0,1637950773096,134,0.0
1637950774,1.13204,1.13206,0.0,0,1637950774111,134,0.0
1637950778,1.1320000000000001,1.13202,0.0,0,1637950778076,134,0.0
1637950778,1.13197,1.13199,0.0,0,1637950778329,134,0.0
1637950778,1.13194,1.13196,0.0,0,1637950778582,134,0.0
1637950778,1.13192,1.13194,0.0,0,1637950778893,134,0.0
1637950779,1.13191,1.13193,0.0,0,1637950779817,134,0.0
1637950780,1.13189,1.13192,0.0,0,1637950780079,134,0.0
1637950780,1.13189,1.13191,0.0,0,1637950780331,4,0.0
1637950780,1.13188,1.13191,0.0,0,1637950780622,130,0.0
1637950781,1.13186,1.13188,0.0,0,1637950781236,134,0.0
1637950782,1.13185,1.13187,0.0,0,1637950782755,134,0.0
1637950783,1.13184,1.13187,0.0,0,1637950783566,130,0.0
1637950783,1.13184,1.13186,0.0,0,1637950783837,4,0.0
1637950784,1.1318,1.13182,0.0,0,1637950784631,134,0.0
1637950785,1.13179,1.13181,0.0,0,1637950785161,134,0.0
1637950785,1.13178,1.13181,0.0,0,1637950785415,130,0.0
1637950785,1.13177,1.13179,0.0,0,1637950785665,134,0.0
1637950786,1.13174,1.13177,0.0,0,1637950786175,134,0.0
1637950786,1.13174,1.1317599999999999,0.0,0,1637950786438,4,0.0
1637950788,1.13169,1.13171,0.0,0,1637950788481,134,0.0
1637950788,1.13167,1.1317,0.0,0,1637950788746,134,0.0
1637950789,1.13167,1.13169,0.0,0,1637950789084,4,0.0
1637950789,1.13163,1.13165,0.0,0,1637950789380,134,0.0
1637950789,1.13163,1.13166,0.0,0,1637950789673,4,0.0
1637950792,1.13163,1.13165,0.0,0,1637950792601,4,0.0
1637950792,1.13163,1.13166,0.0,0,1637950792870,4,0.0
1637950793,1.13161,1.13163,0.0,0,1637950793831,134,0.0
1637950794,1.1316,1.13163,0.0,0,1637950794184,130,0.0
1637950794,1.13158,1.13161,0.0,0,1637950794437,134,0.0
1637950794,1.13158,1.1316,0.0,0,1637950794785,4,0.0
1637950795,1.13157,1.13159,0.0,0,1637950795046,134,0.0
1637950795,1.13157,1.1316,0.0,0,1637950795867,4,0.0
1637950796,1.13154,1.13157,0.0,0,1637950796958,134,0.0
1637950797,1.13153,1.13156,0.0,0,1637950797208,134,0.0
1637950797,1.13153,1.13157,0.0,0,1637950797475,4,0.0
1637950797,1.13151,1.13153,0.0,0,1637950797871,134,0.0
1637950798,1.13153,1.13155,0.0,0,1637950798122,134,0.0
1637950798,1.13154,1.13157,0.0,0,1637950798375,134,0.0
1637950798,1.13153,1.13156,0.0,0,1637950798941,134,0.0
1637950799,1.13156,1.13158,0.0,0,1637950799488,134,0.0
1637950799,1.13153,1.13156,0.0,0,1637950799748,134,0.0
1637950800,1.13153,1.13156,0.0,0,1637950800002,130,0.0
1637950800,1.13152,1.13155,0.0,0,1637950800253,134,0.0
1637950800,1.13152,1.13156,0.0,0,1637950800530,4,0.0
1637950801,1.13155,1.13157,0.0,0,1637950801180,134,0.0
1637950801,1.13159,1.13161,0.0,0,1637950801450,134,0.0
1637950801,1.1316,1.13163,0.0,0,1637950801706,134,0.0
1637950802,1.13165,1.13167,0.0,0,1637950802375,134,0.0
1637950802,1.13165,1.13168,0.0,0,1637950802631,4,0.0
1637950802,1.13166,1.13168,0.0,0,1637950802910,130,0.0
1637950803,1.13164,1.13167,0.0,0,1637950803432,134,0.0
1637950803,1.1317,1.13172,0.0,0,1637950803823,134,0.0
1637950804,1.13167,1.1317,0.0,0,1637950804079,134,0.0
1637950804,1.13167,1.13171,0.0,0,1637950804644,4,0.0
1637950805,1.13167,1.1317,0.0,0,1637950805611,4,0.0
1637950807,1.13165,1.13167,0.0,0,1637950807083,134,0.0
1637950807,1.13166,1.13168,0.0,0,1637950807350,134,0.0
1637950807,1.13165,1.13167,0.0,0,1637950807631,134,0.0
1637950807,1.13163,1.13165,0.0,0,1637950807889,134,0.0
1637950808,1.13164,1.13167,0.0,0,1637950808190,134,0.0
1637950808,1.13164,1.13166,0.0,0,1637950808460,4,0.0
1637950809,1.13164,1.13167,0.0,0,1637950809368,4,0.0
1637950809,1.13161,1.13163,0.0,0,1637950809627,134,0.0
1637950809,1.13159,1.13162,0.0,0,1637950809883,134,0.0
1637950810,1.1316,1.13162,0.0,0,1637950810471,130,0.0
1637950810,1.13158,1.13161,0.0,0,1637950810728,134,0.0
1637950811,1.13158,1.13162,0.0,0,1637950811465,4,0.0
1637950811,1.13159,1.13162,0.0,0,1637950811755,130,0.0
1637950812,1.13158,1.13161,0.0,0,1637950812044,134,0.0
1637950813,1.13159,1.13162,0.0,0,1637950813277,134,0.0
1637950813,1.13158,1.13162,0.0,0,1637950813539,130,0.0
1637950814,1.13157,1.1316,0.0,0,1637950814242,134,0.0
1637950814,1.13154,1.13156,0.0,0,1637950814501,134,0.0
1637950814,1.13151,1.13155,0.0,0,1637950814759,134,0.0
1637950815,1.13153,1.13155,0.0,0,1637950815630,130,0.0
1637950816,1.13155,1.13157,0.0,0,1637950816614,134,0.0
1637950817,1.13154,1.13157,0.0,0,1637950817396,130,0.0
1637950818,1.13154,1.13156,0.0,0,1637950818163,4,0.0
1637950820,1.1316,1.13162,0.0,0,1637950820106,134,0.0
1637950820,1.13156,1.1316,0.0,0,1637950820376,134,0.0
1637950820,1.13154,1.13157,0.0,0,1637950820629,134,0.0
1637950822,1.13154,1.13156,0.0,0,1637950822075,4,0.0
1637950822,1.13153,1.13155,0.0,0,1637950822372,134,0.0
1637950822,1.13152,1.13154,0.0,0,1637950822630,134,0.0
1637950822,1.13151,1.13154,0.0,0,1637950822932,130,0.0
1637950824,1.13154,1.13157,0.0,0,1637950824068,134,0.0
1637950824,1.13153,1.13157,0.0,0,1637950824597,130,0.0
1637950824,1.13155,1.13157,0.0,0,1637950824880,130,0.0
1637950825,1.13157,1.1316,0.0,0,1637950825139,134,0.0
1637950825,1.13157,1.13159,0.0,0,1637950825421,4,0.0
1637950825,1.13155,1.13157,0.0,0,1637950825695,134,0.0
1637950825,1.13156,1.13158,0.0,0,1637950825957,134,0.0
1637950826,1.13157,1.1316,0.0,0,1637950826844,134,0.0
1637950827,1.13158,1.1316,0.0,0,1637950827395,130,0.0
1637950827,1.13159,1.13161,0.0,0,1637950827748,134,0.0
1637950828,1.13158,1.13161,0.0,0,1637950828081,130,0.0
1637950828,1.13156,1.13158,0.0,0,1637950828796,134,0.0
1637950829,1.13153,1.13155,0.0,0,1637950829066,134,0.0
1637950829,1.13152,1.13155,0.0,0,1637950829359,130,0.0
1637950830,1.13154,1.13156,0.0,0,1637950830168,134,0.0
1637950832,1.13154,1.13157,0.0,0,1637950832113,4,0.0
1637950832,1.13157,1.13159,0.0,0,1637950832873,134,0.0
1637950833,1.13156,1.13159,0.0,0,1637950833131,130,0.0
1637950834,1.13156,1.13158,0.0,0,1637950834277,4,0.0
1637950834,1.13155,1.13157,0.0,0,1637950834574,134,0.0
1637950835,1.13153,1.13155,0.0,0,1637950835224,134,0.0
1637950835,1.13151,1.13153,0.0,0,1637950835480,134,0.0
1637950835,1.1315,1.13153,0.0,0,1637950835730,130,0.0
1637950837,1.1315,1.13152,0.0,0,1637950837246,4,0.0
1637950838,1.13152,1.13154,0.0,0,1637950838690,134,0.0
1637950838,1.13153,1.13155,0.0,0,1637950838945,134,0.0
1637950839,1.13152,1.13154,0.0,0,1637950839202,134,0.0
1637950842,1.1315,1.13153,0.0,0,1637950842053,134,0.0
1637950842,1.13151,1.13153,0.0,0,1637950842352,130,0.0
1637950842,1.13151,1.13154,0.0,0,1637950842603,4,0.0
1637950842,1.1315,1.13153,0.0,0,1637950842854,134,0.0
1637950843,1.13148,1.13151,0.0,0,1637950843132,134,0.0
1637950843,1.13146,1.13148,0.0,0,1637950843670,134,0.0
1637950844,1.13144,1.13147,0.0,0,1637950844230,134,0.0
1637950844,1.13143,1.13146,0.0,0,1637950844506,134,0.0
1637950849,1.13144,1.13146,0.0,0,1637950849666,130,0.0
1637950849,1.13148,1.13151,0.0,0,1637950849990,134,0.0
1637950850,1.1315,1.13152,0.0,0,1637950850252,134,0.0
1637950850,1.13147,1.1314899999999999,0.0,0,1637950850506,134,0.0
1637950850,1.13145,1.13148,0.0,0,1637950850760,134,0.0
1637950851,1.13146,1.13148,0.0,0,1637950851074,130,0.0
1637950851,1.13145,1.13147,0.0,0,1637950851333,134,0.0
1637950851,1.13147,1.1314899999999999,0.0,0,1637950851837,134,0.0
1637950852,1.13146,1.1314899999999999,0.0,0,1637950852816,130,0.0
1637950853,1.13146,1.13148,0.0,0,1637950853107,4,0.0
1637950853,1.13145,1.13147,0.0,0,1637950853641,134,0.0
1637950853,1.13145,1.13148,0.0,0,1637950853902,4,0.0
1637950854,1.13145,1.13147,0.0,0,1637950854340,4,0.0
1637950855,1.13143,1.13145,0.0,0,1637950855500,134,0.0
1637950856,1.13142,1.13144,0.0,0,1637950856445,134,0.0
1637950856,1.1314,1.13143,0.0,0,1637950856698,134,0.0
1637950858,1.13142,1.13144,0.0,0,1637950858357,134,0.0
1637950858,1.1313900000000001,1.13141,0.0,0,1637950858612,134,0.0
1637950858,1.1313900000000001,1.13142,0.0,0,1637950858997,4,0.0
1637950859,1.13141,1.13144,0.0,0,1637950859248,134,0.0
1637950860,1.13143,1.13145,0.0,0,1637950860102,134,0.0
1637950860,1.13144,1.13146,0.0,0,1637950860370,134,0.0
1637950860,1.13144,1.13147,0.0,0,1637950860643,4,0.0
1637950862,1.13143,1.13145,0.0,0,1637950862137,134,0.0
1637950862,1.1314,1.13142,0.0,0,1637950862395,134,0.0
1637950862,1.13138,1.13141,0.0,0,1637950862647,134,0.0
1637950862,1.13137,1.1313900000000001,0.0,0,1637950862955,134,0.0
1637950863,1.13136,1.13138,0.0,0,1637950863223,134,0.0
1637950863,1.13137,1.1313900000000001,0.0,0,1637950863753,134,0.0
1637950864,1.13135,1.13137,0.0,0,1637950864055,134,0.0
1637950864,1.13135,1.13138,0.0,0,1637950864308,4,0.0
1637950865,1.13136,1.1313900000000001,0.0,0,1637950865466,134,0.0
1637950866,1.13136,1.1314,0.0,0,1637950866838,4,0.0
1637950867,1.13136,1.1313900000000001,0.0,0,1637950867266,4,0.0
1637950867,1.13135,1.13137,0.0,0,1637950867569,134,0.0
1637950867,1.13137,1.1314,0.0,0,1637950867833,134,0.0
1637950868,1.13135,1.13138,0.0,0,1637950868117,134,0.0
1637950868,1.13135,1.1313900000000001,0.0,0,1637950868402,4,0.0
1637950869,1.13137,1.1314,0.0,0,1637950869252,134,0.0
1637950870,1.1314,1.13142,0.0,0,1637950870127,134,0.0
1637950870,1.13138,1.13141,0.0,0,1637950870382,134,0.0
1637950871,1.13137,1.1313900000000001,0.0,0,1637950871411,134,0.0
1637950871,1.13137,1.1314,0.0,0,1637950871898,4,0.0
1637950872,1.13137,1.1313900000000001,0.0,0,1637950872209,4,0.0
1637950872,1.13135,1.13137,0.0,0,1637950872473,134,0.0
1637950873,1.13135,1.13138,0.0,0,1637950873120,4,0.0
1637950873,1.13136,1.13138,0.0,0,1637950873409,130,0.0
1637950875,1.13135,1.13138,0.0,0,1637950875309,130,0.0
1637950876,1.13137,1.1313900000000001,0.0,0,1637950876129,134,0.0
1637950876,1.13136,1.13138,0.0,0,1637950876500,134,0.0
1637950876,1.13135,1.13137,0.0,0,1637950876766,134,0.0
1637950877,1.13136,1.13138,0.0,0,1637950877553,134,0.0
1637950878,1.13135,1.13137,0.0,0,1637950878588,134,0.0
1637950879,1.13138,1.1314,0.0,0,1637950879585,134,0.0
1637950879,1.13136,1.13138,0.0,0,1637950879845,134,0.0
1637950880,1.13135,1.13137,0.0,0,1637950880998,134,0.0
1637950881,1.13134,1.13137,0.0,0,1637950881280,130,0.0
1637950881,1.13136,1.13138,0.0,0,1637950881890,134,0.0
1637950882,1.13137,1.1313900000000001,0.0,0,1637950882723,134,0.0
1637950883,1.13135,1.13138,0.0,0,1637950883021,134,0.0
1637950884,1.13136,1.13138,0.0,0,1637950884064,130,0.0
1637950884,1.13138,1.1314,0.0,0,1637950884322,134,0.0
1637950884,1.1314,1.13142,0.0,0,1637950884621,134,0.0
1637950884,1.1313900000000001,1.13141,0.0,0,1637950884920,134,0.0
1637950885,1.13141,1.13143,0.0,0,1637950885179,134,0.0
1637950885,1.13142,1.13144,0.0,0,1637950885437,134,0.0
1637950885,1.13144,1.13146,0.0,0,1637950885693,134,0.0
1637950886,1.13145,1.13147,0.0,0,1637950886683,134,0.0
1637950887,1.13146,1.13148,0.0,0,1637950887350,134,0.0
1637950889,1.13147,1.1314899999999999,0.0,0,1637950889098,134,0.0
1637950889,1.13146,1.1314899999999999,0.0,0,1637950889927,130,0.0
1637950890,1.13148,1.1315,0.0,0,1637950890258,134,0.0
1637950891,1.13148,1.13151,0.0,0,1637950891583,4,0.0
1637950892,1.13152,1.13154,0.0,0,1637950892251,134,0.0
1637950892,1.1315,1.13152,0.0,0,1637950892506,134,0.0
1637950892,1.13152,1.13155,0.0,0,1637950892757,134,0.0
1637950893,1.13152,1.13154,0.0,0,1637950893040,4,0.0
1637950893,1.13152,1.13155,0.0,0,1637950893344,4,0.0
1637950893,1.13154,1.13157,0.0,0,1637950893916,134,0.0
1637950895,1.13153,1.13156,0.0,0,1637950895074,134,0.0
1637950897,1.13154,1.13156,0.0,0,1637950897317,130,0.0
1637950897,1.13157,1.1316,0.0,0,1637950897575,134,0.0
1637950899,1.13155,1.13157,0.0,0,1637950899130,134,0.0
1637950899,1.13154,1.13157,0.0,0,1637950899388,130,0.0
1637950899,1.13155,1.13157,0.0,0,1637950899812,130,0.0
1637950900,1.13154,1.13157,0.0,0,1637950900531,130,0.0
1637950901,1.13154,1.13156,0.0,0,1637950901518,4,0.0
1637950901,1.13153,1.13156,0.0,0,1637950901773,130,0.0
1637950902,1.13155,1.13157,0.0,0,1637950902137,134,0.0
1637950903,1.13154,1.13156,0.0,0,1637950903838,134,0.0
1637950906,1.1315,1.13152,0.0,0,1637950906173,134,0.0
1637950906,1.13151,1.13153,0.0,0,1637950906427,134,0.0
1637950906,1.1315,1.13153,0.0,0,1637950906694,130,0.0
1637950907,1.13148,1.13152,0.0,0,1637950907275,134,0.0
1637950910,1.13144,1.13147,0.0,0,1637950910148,134,0.0
1637950913,1.13147,1.1314899999999999,0.0,0,1637950913432,134,0.0
1637950913,1.13147,1.1315,0.0,0,1637950913710,4,0.0
1637950914,1.13148,1.1315,0.0,0,1637950914076,130,0.0
1637950914,1.1314899999999999,1.13151,0.0,0,1637950914330,134,0.0
1637950914,1.13155,1.13157,0.0,0,1637950914607,134,0.0
1637950914,1.13156,1.13158,0.0,0,1637950914861,134,0.0
1637950917,1.13157,1.1316,0.0,0,1637950917187,134,0.0
1637950917,1.13154,1.13157,0.0,0,1637950917519,134,0.0
1637950918,1.13153,1.13155,0.0,0,1637950918350,134,0.0
1637950918,1.13154,1.13157,0.0,0,1637950918610,134,0.0
1637950920,1.13154,1.13157,0.0,0,1637950920853,130,0.0
1637950921,1.13157,1.13159,0.0,0,1637950921929,134,0.0
1637950922,1.13156,1.13159,0.0,0,1637950922196,130,0.0
1637950922,1.13153,1.13156,0.0,0,1637950922506,134,0.0
1637950922,1.13153,1.13157,0.0,0,1637950922808,4,0.0
1637950923,1.13153,1.13156,0.0,0,1637950923082,4,0.0
1637950923,1.13154,1.13157,0.0,0,1637950923339,134,0.0
1637950925,1.13153,1.13156,0.0,0,1637950925416,134,0.0
1637950926,1.13153,1.13155,0.0,0,1637950926346,4,0.0
1637950926,1.13154,1.13156,0.0,0,1637950926598,134,0.0
1637950927,1.13154,1.13157,0.0,0,1637950927159,4,0.0
1637950929,1.13153,1.13156,0.0,0,1637950929712,134,0.0
1637950932,1.13155,1.13157,0.0,0,1637950932841,134,0.0
1637950933,1.13154,1.13157,0.0,0,1637950933106,130,0.0
1637950935,1.13153,1.13155,0.0,0,1637950935488,134,0.0
1637950935,1.1315,1.13153,0.0,0,1637950935740,134,0.0
1637950936,1.1314899999999999,1.13151,0.0,0,1637950936425,134,0.0
1637950936,1.13145,1.13147,0.0,0,1637950936681,134,0.0
1637950936,1.13144,1.13147,0.0,0,1637950936967,130,0.0
1637950938,1.13144,1.13148,0.0,0,1637950938858,4,0.0
1637950939,1.13144,1.13147,0.0,0,1637950939315,4,0.0
1637950940,1.13143,1.13146,0.0,0,1637950940838,134,0.0
1637950941,1.13145,1.13148,0.0,0,1637950941103,134,0.0
1637950941,1.13144,1.13148,0.0,0,1637950941725,130,0.0
1637950942,1.13144,1.13147,0.0,0,1637950942007,4,0.0
1637950943,1.13144,1.13148,0.0,0,1637950943961,4,0.0
1637950949,1.13143,1.13147,0.0,0,1637950949200,134,0.0
1637950949,1.13144,1.13147,0.0,0,1637950949465,130,0.0
1637950951,1.13143,1.13147,0.0,0,1637950951049,130,0.0
1637950951,1.13144,1.13147,0.0,0,1637950951670,130,0.0
1637950952,1.13144,1.13146,0.0,0,1637950952872,4,0.0
1637950953,1.13143,1.13146,0.0,0,1637950953199,130,0.0
1637950954,1.13143,1.13145,0.0,0,1637950954203,4,0.0
1637950954,1.13142,1.13144,0.0,0,1637950954458,134,0.0
1637950954,1.1314,1.13144,0.0,0,1637950954711,130,0.0
1637950954,1.1314,1.13143,0.0,0,1637950954973,4,0.0
1637950955,1.1314,1.13144,0.0,0,1637950955266,4,0.0
1637950955,1.1314,1.13143,0.0,0,1637950955597,4,0.0
1637950956,1.1313900000000001,1.13142,0.0,0,1637950956907,134,0.0
1637950957,1.1313900000000001,1.13143,0.0,0,1637950957418,4,0.0
1637950958,1.1314,1.13143,0.0,0,1637950958948,130,0.0
1637950960,1.1313900000000001,1.13143,0.0,0,1637950960336,130,0.0
1637950963,1.13138,1.1314,0.0,0,1637950963132,134,0.0
1637950963,1.13136,1.13138,0.0,0,1637950963805,134,0.0
1637950965,1.13137,1.1313900000000001,0.0,0,1637950965217,134,0.0
1637950966,1.13136,1.13138,0.0,0,1637950966017,134,0.0
1637950966,1.13138,1.1314,0.0,0,1637950966628,134,0.0
1637950967,1.13137,1.1313900000000001,0.0,0,1637950967540,134,0.0
1637950968,1.13137,1.1314,0.0,0,1637950968045,4,0.0
1637950968,1.1314,1.13142,0.0,0,1637950968304,134,0.0
1637950968,1.1314,1.13143,0.0,0,1637950968556,4,0.0
1637950969,1.13144,1.13146,0.0,0,1637950969744,134,0.0
1637950970,1.13144,1.13147,0.0,0,1637950970011,4,0.0
1637950971,1.13143,1.13145,0.0,0,1637950971543,134,0.0
1637950971,1.13136,1.1313900000000001,0.0,0,1637950971804,134,0.0
1637950972,1.13137,1.1313900000000001,0.0,0,1637950972096,130,0.0
1637950973,1.13136,1.13138,0.0,0,1637950973092,134,0.0
1637950974,1.13134,1.13136,0.0,0,1637950974784,134,0.0
1637950975,1.13134,1.13138,0.0,0,1637950975316,4,0.0
1637950975,1.13132,1.13135,0.0,0,1637950975595,134,0.0
1637950977,1.13134,1.13136,0.0,0,1637950977276,134,0.0
1637950977,1.13135,1.13137,0.0,0,1637950977804,134,0.0
1637950978,1.13137,1.1313900000000001,0.0,0,1637950978059,134,0.0
1637950981,1.13136,1.13138,0.0,0,1637950981150,134,0.0
1637950981,1.13136,1.1313900000000001,0.0,0,1637950981402,4,0.0
1637950982,1.13134,1.13136,0.0,0,1637950982368,134,0.0
1637950984,1.13135,1.13137,0.0,0,1637950984903,134,0.0
1637950985,1.13137,1.1313900000000001,0.0,0,1637950985307,134,0.0
1637950985,1.13137,1.1314,0.0,0,1637950985807,4,0.0
1637950986,1.1313900000000001,1.13141,0.0,0,1637950986084,134,0.0
1637950986,1.13141,1.13144,0.0,0,1637950986343,134,0.0
1637950986,1.1313900000000001,1.13141,0.0,0,1637950986617,134,0.0
1637950987,1.13137,1.1314,0.0,0,1637950987295,134,0.0
1637950987,1.13138,1.1314,0.0,0,1637950987593,130,0.0
1637950989,1.13137,1.1314,0.0,0,1637950989594,130,0.0
1637950989,1.13135,1.13138,0.0,0,1637950989893,134,0.0
1637950990,1.13135,1.13137,0.0,0,1637950990166,4,0.0
1637950990,1.13134,1.13137,0.0,0,1637950990725,130,0.0
1637950992,1.13135,1.13137,0.0,0,1637950992492,130,0.0
1637950992,1.13135,1.13138,0.0,0,1637950992768,4,0.0
1637950993,1.13136,1.1313900000000001,0.0,0,1637950993438,134,0.0
1637950994,1.13135,1.13138,0.0,0,1637950994017,134,0.0
1637950994,1.13136,1.13138,0.0,0,1637950994630,130,0.0
1637950994,1.13141,1.13143,0.0,0,1637950994889,134,0.0
1637950995,1.13143,1.13145,0.0,0,1637950995145,134,0.0
1637950995,1.13143,1.13146,0.0,0,1637950995408,4,0.0
1637950996,1.13142,1.13145,0.0,0,1637950996785,134,0.0
1637950997,1.13143,1.13145,0.0,0,1637950997079,130,0.0
1637950997,1.13143,1.13146,0.0,0,1637950997337,4,0.0
1637950998,1.13141,1.13143,0.0,0,1637950998047,134,0.0
1637950998,1.13142,1.13145,0.0,0,1637950998298,134,0.0
1637950998,1.13142,1.13144,0.0,0,1637950998823,4,0.0
1637950999,1.13141,1.13144,0.0,0,1637950999074,130,0.0
1637950999,1.1314,1.13143,0.0,0,1637950999328,134,0.0
1637950999,1.1313900000000001,1.13141,0.0,0,1637950999578,134,0.0
1637950999,1.13137,1.1314,0.0,0,1637950999830,134,0.0
1637951000,1.13136,1.1313900000000001,0.0,0,1637951000098,134,0.0
1637951000,1.13137,1.1313900000000001,0.0,0,1637951000618,130,0.0
1637951000,1.13136,1.1313900000000001,0.0,0,1637951000961,130,0.0
1637951001,1.13137,1.1314,0.0,0,1637951001274,134,0.0
1637951002,1.13138,1.1314,0.0,0,1637951002062,130,0.0
1637951002,1.1314,1.13142,0.0,0,1637951002650,134,0.0
1637951002,1.13143,1.13145,0.0,0,1637951002924,134,0.0
1637951003,1.13144,1.13146,0.0,0,1637951003184,134,0.0
1637951003,1.13143,1.13146,0.0,0,1637951003461,130,0.0
1637951003,1.13144,1.13146,0.0,0,1637951003721,130,0.0
1637951004,1.1314899999999999,1.13151,0.0,0,1637951004693,134,0.0
1637951005,1.1314899999999999,1.13152,0.0,0,1637951005561,4,0.0
1637951006,1.1315,1.13152,0.0,0,1637951006165,130,0.0
1637951007,1.13151,1.13154,0.0,0,1637951007341,134,0.0
1637951009,1.1315,1.13152,0.0,0,1637951009314,134,0.0
1637951010,1.13151,1.13154,0.0,0,1637951010341,134,0.0
1637951014,1.1315,1.13152,0.0,0,1637951014342,134,0.0
1637951014,1.1315,1.13153,0.0,0,1637951014613,4,0.0
1637951015,1.1314899999999999,1.13152,0.0,0,1637951015502,134,0.0
1637951015,1.1315,1.13152,0.0,0,1637951015768,130,0.0
1637951016,1.1314899999999999,1.13152,0.0,0,1637951016072,130,0.0
1637951017,1.1315,1.13153,0.0,0,1637951017189,134,0.0
1637951017,1.1315,1.13152,0.0,0,1637951017740,4,0.0
1637951018,1.1314899999999999,1.13152,0.0,0,1637951018037,130,0.0
1637951019,1.13151,1.13154,0.0,0,1637951019786,134,0.0
1637951021,1.13152,1.13154,0.0,0,1637951021291,130,0.0
1637951021,1.13153,1.13155,0.0,0,1637951021619,134,0.0
1637951022,1.13151,1.13153,0.0,0,1637951022887,134,0.0
1637951023,1.1314899999999999,1.13152,0.0,0,1637951023158,134,0.0
1637951023,1.13148,1.1315,0.0,0,1637951023481,134,0.0
1637951023,1.13147,1.1314899999999999,0.0,0,1637951023751,134,0.0
1637951024,1.13148,1.1315,0.0,0,1637951024069,134,0.0
1637951024,1.13147,1.1315,0.0,0,1637951024625,130,0.0
1637951025,1.13151,1.13153,0.0,0,1637951025550,134,0.0
1637951026,1.1315,1.13152,0.0,0,1637951026196,134,0.0
1637951027,1.13148,1.1315,0.0,0,1637951027022,134,0.0
1637951027,1.13147,1.1314899999999999,0.0,0,1637951027292,134,0.0
1637951027,1.13147,1.1315,0.0,0,1637951027575,4,0.0
1637951028,1.13146,1.13148,0.0,0,1637951028092,134,0.0
1637951028,1.13145,1.13147,0.0,0,1637951028365,134,0.0
1637951029,1.13143,1.13146,0.0,0,1637951029234,134,0.0
1637951029,1.13144,1.13146,0.0,0,1637951029514,130,0.0
1637951029,1.13147,1.1314899999999999,0.0,0,1637951029797,134,0.0
1637951031,1.13147,1.1315,0.0,0,1637951031181,4,0.0
1637951031,1.13144,1.13147,0.0,0,1637951031731,134,0.0
1637951032,1.13144,1.13146,0.0,0,1637951032006,4,0.0
1637951032,1.13144,1.13147,0.0,0,1637951032627,4,0.0
1637951035,1.13144,1.13146,0.0,0,1637951035129,4,0.0
1637951035,1.13146,1.1314899999999999,0.0,0,1637951035826,134,0.0
1637951036,1.13146,1.13148,0.0,0,1637951036160,4,0.0
1637951037,1.13146,1.1314899999999999,0.0,0,1637951037682,4,0.0
1637951038,1.1315,1.13152,0.0,0,1637951038889,134,0.0
1637951039,1.13155,1.13157,0.0,0,1637951039158,134,0.0
1637951039,1.13157,1.13159,0.0,0,1637951039419,134,0.0
1637951040,1.13157,1.1316,0.0,0,1637951040117,134,0.0
1637951040,1.13155,1.13158,0.0,0,1637951040384,134,0.0
1637951040,1.13155,1.13157,0.0,0,1637951040760,4,0.0
1637951042,1.13156,1.13159,0.0,0,1637951042265,134,0.0
1637951042,1.13158,1.1316,0.0,0,1637951042567,134,0.0
1637951043,1.13161,1.13163,0.0,0,1637951043275,134,0.0
1637951043,1.1316,1.13162,0.0,0,1637951043528,134,0.0
1637951043,1.13155,1.13157,0.0,0,1637951043802,134,0.0
1637951045,1.13156,1.13158,0.0,0,1637951045236,134,0.0
1637951045,1.13155,1.13157,0.0,0,1637951045510,134,0.0
1637951046,1.13156,1.13158,0.0,0,1637951046070,134,0.0
1637951046,1.13154,1.13156,0.0,0,1637951046339,134,0.0
1637951046,1.13153,1.13156,0.0,0,1637951046654,130,0.0
1637951047,1.13154,1.13156,0.0,0,1637951047205,130,0.0
1637951047,1.13154,1.13157,0.0,0,1637951047459,4,0.0
1637951047,1.13154,1.13156,0.0,0,1637951047746,4,0.0
1637951048,1.13154,1.13157,0.0,0,1637951048991,4,0.0
1637951049,1.13155,1.13158,0.0,0,1637951049278,134,0.0
1637951052,1.13156,1.13158,0.0,0,1637951052326,130,0.0
1637951053,1.13157,1.13159,0.0,0,1637951053250,134,0.0
1637951053,1.13156,1.13159,0.0,0,1637951053532,130,0.0
1637951055,1.13153,1.13155,0.0,0,1637951055963,134,0.0
1637951056,1.13152,1.13154,0.0,0,1637951056233,134,0.0
1637951056,1.13151,1.13153,0.0,0,1637951056509,134,0.0
1637951057,1.13154,1.13156,0.0,0,1637951057073,134,0.0
1637951058,1.13155,1.13157,0.0,0,1637951058055,134,0.0
1637951059,1.13154,1.13157,0.0,0,1637951059634,130,0.0
1637951059,1.13154,1.13156,0.0,0,1637951059893,4,0.0
1637951061,1.13155,1.13157,0.0,0,1637951061271,134,0.0
1637951063,1.13154,1.13156,0.0,0,1637951063174,134,0.0
1637951063,1.13152,1.13154,0.0,0,1637951063972,134,0.0
1637951064,1.13152,1.13155,0.0,0,1637951064269,4,0.0
1637951064,1.13153,1.13155,0.0,0,1637951064530,130,0.0
1637951064,1.13156,1.13158,0.0,0,1637951064785,134,0.0
1637951065,1.13155,1.13157,0.0,0,1637951065552,134,0.0
1637951066,1.13154,1.13156,0.0,0,1637951066174,134,0.0
1637951066,1.13153,1.13156,0.0,0,1637951066476,130,0.0
1637951066,1.1315,1.13152,0.0,0,1637951066734,134,0.0
1637951066,1.13148,1.1315,0.0,0,1637951066994,134,0.0
1637951067,1.1314899999999999,1.13151,0.0,0,1637951067266,134,0.0
1637951068,1.13148,1.13151,0.0,0,1637951068366,130,0.0
1637951070,1.13151,1.13153,0.0,0,1637951070515,134,0.0
1637951070,1.13152,1.13154,0.0,0,1637951070812,134,0.0
1637951071,1.13152,1.13155,0.0,0,1637951071074,4,0.0
1637951071,1.13153,1.13155,0.0,0,1637951071678,130,0.0
1637951074,1.13152,1.13154,0.0,0,1637951074773,134,0.0
1637951075,1.13152,1.13155,0.0,0,1637951075045,4,0.0
1637951075,1.13153,1.13155,0.0,0,1637951075296,130,0.0
1637951076,1.13155,1.13157,0.0,0,1637951076017,134,0.0
1637951076,1.13157,1.13159,0.0,0,1637951076871,134,0.0
1637951077,1.13155,1.13157,0.0,0,1637951077124,134,0.0
1637951077,1.13156,1.13158,0.0,0,1637951077622,134,0.0
1637951078,1.13157,1.1316,0.0,0,1637951078151,134,0.0
1637951080,1.13157,1.13159,0.0,0,1637951080142,4,0.0
1637951081,1.13156,1.13159,0.0,0,1637951081287,130,0.0
1637951082,1.13157,1.1316,0.0,0,1637951082109,134,0.0
1637951082,1.13158,1.1316,0.0,0,1637951082465,130,0.0
1637951082,1.13158,1.13161,0.0,0,1637951082729,4,0.0
1637951085,1.1316,1.13162,0.0,0,1637951085022,134,0.0
1637951087,1.13159,1.13161,0.0,0,1637951087314,134,0.0
1637951087,1.13157,1.13159,0.0,0,1637951087598,134,0.0
1637951088,1.13156,1.13159,0.0,0,1637951088123,130,0.0
1637951088,1.13155,1.13157,0.0,0,1637951088383,134,0.0
1637951088,1.13155,1.13158,0.0,0,1637951088694,4,0.0
1637951089,1.13155,1.13157,0.0,0,1637951089977,4,0.0
1637951090,1.13156,1.13158,0.0,0,1637951090231,134,0.0
1637951090,1.13155,1.13157,0.0,0,1637951090922,134,0.0
1637951092,1.13156,1.13158,0.0,0,1637951092173,134,0.0
1637951092,1.13155,1.13158,0.0,0,1637951092424,130,0.0
1637951092,1.13155,1.13157,0.0,0,1637951092705,4,0.0
1637951095,1.13158,1.1316,0.0,0,1637951095462,134,0.0
1637951095,1.13155,1.13157,0.0,0,1637951095722,134,0.0
1637951095,1.13154,1.13156,0.0,0,1637951095982,134,0.0
1637951096,1.13153,1.13156,0.0,0,1637951096270,130,0.0
1637951097,1.13158,1.1316,0.0,0,1637951097063,134,0.0
1637951097,1.1316,1.13162,0.0,0,1637951097318,134,0.0
1637951098,1.13163,1.13165,0.0,0,1637951098575,134,0.0
1637951099,1.13162,1.13164,0.0,0,1637951099119,134,0.0
1637951100,1.13162,1.13164,0.0,0,1637951100124,130,0.0
1637951100,1.13162,1.13165,0.0,0,1637951100392,4,0.0
1637951101,1.13167,1.13169,0.0,0,1637951101028,134,0.0
1637951101,1.13168,1.1317,0.0,0,1637951101296,134,0.0
1637951102,1.13167,1.1317,0.0,0,1637951102691,130,0.0
1637951104,1.13165,1.13167,0.0,0,1637951104151,134,0.0
1637951104,1.13163,1.13166,0.0,0,1637951104455,134,0.0
1637951105,1.13163,1.13165,0.0,0,1637951105315,4,0.0
1637951105,1.13162,1.13164,0.0,0,1637951105675,134,0.0
1637951106,1.13163,1.13165,0.0,0,1637951106204,134,0.0
1637951107,1.13164,1.13166,0.0,0,1637951107396,134,0.0
1637951108,1.13167,1.13169,0.0,0,1637951108269,134,0.0
1637951108,1.13166,1.13168,0.0,0,1637951108791,134,0.0
1637951109,1.13167,1.13169,0.0,0,1637951109555,134,0.0
1637951109,1.13169,1.13171,0.0,0,1637951109809,134,0.0
1637951110,1.13167,1.13169,0.0,0,1637951110064,134,0.0
1637951112,1.13164,1.13166,0.0,0,1637951112078,134,0.0
1637951113,1.13164,1.13167,0.0,0,1637951113477,4,0.0
1637951115,1.13165,1.13167,0.0,0,1637951115497,130,0.0
1637951116,1.13164,1.13167,0.0,0,1637951116964,130,0.0
1637951118,1.13164,1.13166,0.0,0,1637951118884,4,0.0
1637951119,1.13162,1.13164,0.0,0,1637951119713,134,0.0
1637951120,1.13161,1.13163,0.0,0,1637951120484,134,0.0
1637951121,1.13161,1.13164,0.0,0,1637951121192,4,0.0
1637951121,1.13161,1.13163,0.0,0,1637951121730,4,0.0
1637951124,1.1316,1.13162,0.0,0,1637951124844,134,0.0
1637951125,1.13161,1.13163,0.0,0,1637951125099,134,0.0
1637951125,1.13162,1.13165,0.0,0,1637951125689,134,0.0
1637951125,1.13164,1.13166,0.0,0,1637951125962,134,0.0
1637951126,1.13162,1.13165,0.0,0,1637951126640,134,0.0
1637951127,1.13161,1.13163,0.0,0,1637951127545,134,0.0
1637951129,1.1316,1.13162,0.0,0,1637951129307,134,0.0
1637951129,1.13156,1.13158,0.0,0,1637951129561,134,0.0
1637951129,1.13155,1.13157,0.0,0,1637951129833,134,0.0
1637951130,1.13154,1.13157,0.0,0,1637951130112,130,0.0
1637951130,1.13152,1.13154,0.0,0,1637951130389,134,0.0
1637951130,1.1315,1.13153,0.0,0,1637951130662,134,0.0
1637951131,1.13151,1.13153,0.0,0,1637951131039,130,0.0
1637951132,1.1315,1.13153,0.0,0,1637951132137,130,0.0
1637951133,1.1314899999999999,1.13151,0.0,0,1637951133672,134,0.0
1637951134,1.1315,1.13152,0.0,0,1637951134606,134,0.0
1637951134,1.13151,1.13153,0.0,0,1637951134859,134,0.0
1637951135,1.1315,1.13152,0.0,0,1637951135444,134,0.0
1637951136,1.13152,1.13154,0.0,0,1637951136482,134,0.0
1637951136,1.13153,1.13155,0.0,0,1637951136738,134,0.0
1637951137,1.1315,1.13153,0.0,0,1637951137002,134,0.0
1637951138,1.13152,1.13154,0.0,0,1637951138922,134,0.0
1637951140,1.13151,1.13153,0.0,0,1637951140337,134,0.0
1637951140,1.13153,1.13155,0.0,0,1637951140597,134,0.0
1637951141,1.13151,1.13154,0.0,0,1637951141216,134,0.0
1637951142,1.13153,1.13155,0.0,0,1637951142288,134,0.0
1637951143,1.13151,1.13153,0.0,0,1637951143482,134,0.0
1637951144,1.13153,1.13155,0.0,0,1637951144411,134,0.0
1637951145,1.1315,1.13152,0.0,0,1637951145534,134,0.0
1637951146,1.13148,1.1315,0.0,0,1637951146236,134,0.0
1637951146,1.1315,1.13152,0.0,0,1637951146489,134,0.0
1637951147,1.1314899999999999,1.13151,0.0,0,1637951147035,134,0.0
1637951147,1.1315,1.13152,0.0,0,1637951147611,134,0.0
1637951147,1.1314899999999999,1.13151,0.0,0,1637951147970,134,0.0
1637951148,1.13147,1.1314899999999999,0.0,0,1637951148281,134,0.0
1637951148,1.13145,1.13147,0.0,0,1637951148534,134,0.0
1637951150,1.13138,1.1314,0.0,0,1637951150103,134,0.0
1637951151,1.13134,1.13136,0.0,0,1637951151766,134,0.0
1637951152,1.13135,1.13137,0.0,0,1637951152306,134,0.0
1637951154,1.13136,1.13138,0.0,0,1637951154901,134,0.0
1637951155,1.13132,1.13134,0.0,0,1637951155426,134,0.0
1637951155,1.13131,1.13133,0.0,0,1637951155683,134,0.0
1637951155,1.13133,1.13135,0.0,0,1637951155957,134,0.0
1637951157,1.13132,1.13134,0.0,0,1637951157679,134,0.0
1637951158,1.13131,1.13133,0.0,0,1637951158385,134,0.0
1637951160,1.13129,1.13131,0.0,0,1637951160690,134,0.0
1637951160,1.13128,1.1313,0.0,0,1637951160962,134,0.0
1637951161,1.13128,1.13131,0.0,0,1637951161216,4,0.0
1637951161,1.13129,1.13132,0.0,0,1637951161960,134,0.0
1637951162,1.1313,1.13132,0.0,0,1637951162249,130,0.0
1637951162,1.13129,1.13132,0.0,0,1637951162817,130,0.0
1637951163,1.13128,1.1313,0.0,0,1637951163501,134,0.0
1637951163,1.13124,1.13126,0.0,0,1637951163759,134,0.0
1637951164,1.13122,1.13124,0.0,0,1637951164018,134,0.0
1637951164,1.13121,1.13124,0.0,0,1637951164279,130,0.0
1637951165,1.13122,1.13124,0.0,0,1637951165069,130,0.0
1637951165,1.13123,1.13125,0.0,0,1637951165349,134,0.0
1637951165,1.13126,1.13128,0.0,0,1637951165624,134,0.0
1637951166,1.13128,1.1313,0.0,0,1637951166189,134,0.0
1637951166,1.13127,1.13129,0.0,0,1637951166449,134,0.0
1637951168,1.13128,1.1313,0.0,0,1637951168118,134,0.0
1637951168,1.13126,1.13128,0.0,0,1637951168371,134,0.0
1637951168,1.13124,1.13127,0.0,0,1637951168640,134,0.0
1637951169,1.13122,1.13125,0.0,0,1637951169311,134,0.0
1637951169,1.13124,1.13126,0.0,0,1637951169571,134,0.0
1637951170,1.13127,1.13129,0.0,0,1637951170855,134,0.0
1637951171,1.13123,1.13126,0.0,0,1637951171714,134,0.0
1637951172,1.13123,1.13125,0.0,0,1637951172256,4,0.0
1637951172,1.13125,1.13127,0.0,0,1637951172519,134,0.0
1637951172,1.13123,1.13125,0.0,0,1637951172773,134,0.0
1637951173,1.13123,1.13126,0.0,0,1637951173138,4,0.0
1637951173,1.13126,1.13129,0.0,0,1637951173429,134,0.0
1637951174,1.13127,1.1313,0.0,0,1637951174574,134,0.0
1637951175,1.13126,1.13129,0.0,0,1637951175180,134,0.0
1637951175,1.13127,1.13129,0.0,0,1637951175761,130,0.0
1637951176,1.13128,1.1313,0.0,0,1637951176325,134,0.0
1637951176,1.13127,1.13131,0.0,0,1637951176610,134,0.0
1637951176,1.13127,1.13129,0.0,0,1637951176884,4,0.0
1637951177,1.13126,1.13129,0.0,0,1637951177148,130,0.0
1637951178,1.13127,1.13129,0.0,0,1637951178173,130,0.0
1637951178,1.13129,1.13131,0.0,0,1637951178438,134,0.0
1637951178,1.13127,1.1313,0.0,0,1637951178689,134,0.0
1637951178,1.13126,1.13129,0.0,0,1637951178942,134,0.0
1637951180,1.13127,1.13129,0.0,0,1637951180069,130,0.0
1637951180,1.13124,1.13127,0.0,0,1637951180407,134,0.0
1637951180,1.13122,1.13125,0.0,0,1637951180960,134,0.0
1637951181,1.13122,1.13124,0.0,0,1637951181806,4,0.0
1637951182,1.13123,1.13125,0.0,0,1637951182069,134,0.0
1637951182,1.13124,1.13126,0.0,0,1637951182339,134,0.0
1637951182,1.13123,1.13125,0.0,0,1637951182799,134,0.0
1637951183,1.13122,1.13125,0.0,0,1637951183627,130,0.0
1637951184,1.13123,1.13125,0.0,0,1637951184619,130,0.0
1637951185,1.13124,1.13126,0.0,0,1637951185379,134,0.0
1637951185,1.13122,1.13125,0.0,0,1637951185634,134,0.0
1637951185,1.13123,1.13125,0.0,0,1637951185929,130,0.0
1637951186,1.13124,1.13126,0.0,0,1637951186226,134,0.0
1637951186,1.13125,1.13127,0.0,0,1637951186772,134,0.0
1637951187,1.13124,1.13126,0.0,0,1637951187021,134,0.0
1637951187,1.13123,1.13126,0.0,0,1637951187593,130,0.0
1637951188,1.13123,1.13125,0.0,0,1637951188561,4,0.0
1637951189,1.13124,1.13127,0.0,0,1637951189327,134,0.0
1637951190,1.13126,1.13129,0.0,0,1637951190333,134,0.0
1637951190,1.13125,1.13127,0.0,0,1637951190920,134,0.0
1637951191,1.13126,1.13129,0.0,0,1637951191771,134,0.0
1637951192,1.13125,1.13127,0.0,0,1637951192023,134,0.0
1637951192,1.13124,1.13126,0.0,0,1637951192533,134,0.0
1637951192,1.13125,1.13127,0.0,0,1637951192787,134,0.0
1637951193,1.13123,1.13126,0.0,0,1637951193538,134,0.0
1637951193,1.13124,1.13126,0.0,0,1637951193791,130,0.0
1637951194,1.13125,1.13127,0.0,0,1637951194647,134,0.0
1637951195,1.13124,1.13126,0.0,0,1637951195228,134,0.0
1637951196,1.13125,1.13127,0.0,0,1637951196397,134,0.0
1637951196,1.13124,1.13126,0.0,0,1637951196708,134,0.0
1637951197,1.13122,1.13124,0.0,0,1637951197260,134,0.0
1637951197,1.13122,1.13125,0.0,0,1637951197522,4,0.0
1637951198,1.13125,1.13127,0.0,0,1637951198973,134,0.0
1637951199,1.13122,1.13125,0.0,0,1637951199223,134,0.0
1637951199,1.13123,1.13125,0.0,0,1637951199491,130,0.0
1637951200,1.13122,1.13125,0.0,0,1637951200065,130,0.0
1637951201,1.13123,1.13126,0.0,0,1637951201157,134,0.0
1637951204,1.13121,1.13123,0.0,0,1637951204291,134,0.0
1637951205,1.13123,1.13125,0.0,0,1637951205164,134,0.0
1637951205,1.13124,1.13126,0.0,0,1637951205754,134,0.0
1637951206,1.13123,1.13125,0.0,0,1637951206582,134,0.0
1637951207,1.13123,1.13126,0.0,0,1637951207416,4,0.0
1637951207,1.13123,1.13125,0.0,0,1637951207668,4,0.0
1637951207,1.13122,1.13124,0.0,0,1637951207921,134,0.0
1637951208,1.13123,1.13125,0.0,0,1637951208210,134,0.0
1637951208,1.13122,1.13124,0.0,0,1637951208755,134,0.0
1637951209,1.13123,1.13125,0.0,0,1637951209064,134,0.0
1637951209,1.13122,1.13124,0.0,0,1637951209324,134,0.0
1637951209,1.13124,1.13126,0.0,0,1637951209581,134,0.0
1637951211,1.13122,1.13124,0.0,0,1637951211093,134,0.0
1637951211,1.13116,1.13118,0.0,0,1637951211342,134,0.0
1637951211,1.13119,1.13121,0.0,0,1637951211597,134,0.0
1637951212,1.1312,1.13122,0.0,0,1637951212194,134,0.0
1637951213,1.13119,1.13122,0.0,0,1637951213103,130,0.0
1637951213,1.13118,1.13121,0.0,0,1637951213377,134,0.0
1637951213,1.13119,1.13121,0.0,0,1637951213704,130,0.0
1637951214,1.13118,1.1312,0.0,0,1637951214366,134,0.0
1637951214,1.13118,1.13121,0.0,0,1637951214620,4,0.0
1637951217,1.1311499999999999,1.13118,0.0,0,1637951217163,134,0.0
1637951217,1.13117,1.13119,0.0,0,1637951217887,134,0.0
1637951218,1.1311499999999999,1.13117,0.0,0,1637951218420,134,0.0
1637951219,1.13109,1.13111,0.0,0,1637951219088,134,0.0
1637951219,1.13111,1.13113,0.0,0,1637951219620,134,0.0
1637951219,1.13108,1.1311,0.0,0,1637951219877,134,0.0
1637951220,1.13108,1.1311,0.0,0,1637951220131,130,0.0
1637951220,1.1311,1.13112,0.0,0,1637951220695,134,0.0
1637951220,1.13107,1.1311,0.0,0,1637951220993,134,0.0
1637951221,1.13107,1.13109,0.0,0,1637951221556,4,0.0
1637951221,1.13108,1.1311,0.0,0,1637951221885,134,0.0
1637951222,1.13112,1.13114,0.0,0,1637951222145,134,0.0
1637951222,1.13114,1.13116,0.0,0,1637951222407,134,0.0
1637951222,1.13113,1.13116,0.0,0,1637951222698,130,0.0
1637951223,1.13111,1.13114,0.0,0,1637951223929,134,0.0
1637951224,1.13113,1.1311499999999999,0.0,0,1637951224185,134,0.0
1637951224,1.13114,1.13116,0.0,0,1637951224438,134,0.0
1637951224,1.13113,1.13116,0.0,0,1637951224777,130,0.0
1637951225,1.13114,1.13116,0.0,0,1637951225851,130,0.0
1637951226,1.13117,1.13119,0.0,0,1637951226318,134,0.0
1637951226,1.13116,1.13119,0.0,0,1637951226660,130,0.0
1637951227,1.13116,1.13118,0.0,0,1637951227241,4,0.0
1637951227,1.1311499999999999,1.13118,0.0,0,1637951227628,130,0.0
1637951229,1.1311499999999999,1.13119,0.0,0,1637951229216,4,0.0
1637951229,1.13116,1.13119,0.0,0,1637951229496,130,0.0
1637951230,1.13118,1.1312,0.0,0,1637951230166,134,0.0
1637951230,1.13118,1.13121,0.0,0,1637951230420,4,0.0
1637951230,1.13119,1.13121,0.0,0,1637951230714,130,0.0
1637951232,1.13121,1.13123,0.0,0,1637951232414,134,0.0
1637951232,1.1312,1.13122,0.0,0,1637951232972,134,0.0
1637951233,1.13123,1.13125,0.0,0,1637951233549,134,0.0
1637951233,1.13122,1.13125,0.0,0,1637951233823,130,0.0
1637951234,1.13121,1.13123,0.0,0,1637951234122,134,0.0
1637951234,1.1312,1.13123,0.0,0,1637951234382,130,0.0
1637951234,1.13122,1.13124,0.0,0,1637951234971,134,0.0
1637951235,1.13123,1.13126,0.0,0,1637951235240,134,0.0
1637951236,1.13124,1.13126,0.0,0,1637951236564,130,0.0
1637951236,1.13128,1.1313,0.0,0,1637951236819,134,0.0
1637951237,1.13124,1.13127,0.0,0,1637951237074,134,0.0
1637951237,1.13126,1.13128,0.0,0,1637951237363,134,0.0
1637951237,1.13119,1.13122,0.0,0,1637951237912,134,0.0
1637951238,1.13119,1.13121,0.0,0,1637951238171,4,0.0
1637951238,1.13117,1.1312,0.0,0,1637951238614,134,0.0
1637951239,1.13116,1.13118,0.0,0,1637951239203,134,0.0
1637951239,1.13117,1.13119,0.0,0,1637951239473,134,0.0
1637951239,1.13118,1.13121,0.0,0,1637951239888,134,0.0
1637951240,1.13116,1.13119,0.0,0,1637951240324,134,0.0
1637951240,1.13119,1.13121,0.0,0,1637951240658,134,0.0
1637951240,1.1312,1.13122,0.0,0,1637951240925,134,0.0
1637951241,1.13121,1.13124,0.0,0,1637951241222,134,0.0
1637951241,1.1312,1.13122,0.0,0,1637951241894,134,0.0
1637951242,1.13119,1.13121,0.0,0,1637951242194,134,0.0
1637951243,1.13118,1.13121,0.0,0,1637951243124,130,0.0
1637951243,1.13117,1.1312,0.0,0,1637951243655,134,0.0
1637951243,1.13117,1.13121,0.0,0,1637951243961,4,0.0
1637951245,1.13118,1.13121,0.0,0,1637951245315,130,0.0
1637951245,1.1312,1.13122,0.0,0,1637951245570,134,0.0
1637951245,1.13121,1.13123,0.0,0,1637951245828,134,0.0
1637951246,1.13123,1.13125,0.0,0,1637951246264,134,0.0
1637951246,1.13123,1.13126,0.0,0,1637951246551,4,0.0
1637951247,1.13124,1.13126,0.0,0,1637951247092,130,0.0
1637951248,1.13126,1.13128,0.0,0,1637951248035,134,0.0
1637951249,1.13126,1.13129,0.0,0,1637951249190,4,0.0
1637951249,1.13128,1.1313,0.0,0,1637951249516,134,0.0
1637951250,1.13129,1.13131,0.0,0,1637951250333,134,0.0
1637951250,1.13129,1.13132,0.0,0,1637951250592,4,0.0
1637951250,1.1313,1.13133,0.0,0,1637951250905,134,0.0
1637951251,1.1313,1.13132,0.0,0,1637951251160,4,0.0
1637951251,1.13129,1.13132,0.0,0,1637951251450,130,0.0
1637951251,1.1313,1.13132,0.0,0,1637951251810,130,0.0
1637951252,1.13129,1.13132,0.0,0,1637951252603,130,0.0
1637951253,1.13128,1.1313,0.0,0,1637951253026,134,0.0
1637951254,1.13132,1.13135,0.0,0,1637951254232,134,0.0
1637951255,1.13129,1.13132,0.0,0,1637951255523,134,0.0
1637951256,1.13126,1.13128,0.0,0,1637951256101,134,0.0
1637951257,1.13125,1.13128,0.0,0,1637951257486,130,0.0
1637951257,1.13126,1.13128,0.0,0,1637951257785,130,0.0
1637951258,1.13127,1.13129,0.0,0,1637951258864,134,0.0
1637951259,1.13128,1.13131,0.0,0,1637951259114,134,0.0
1637951263,1.13129,1.13131,0.0,0,1637951263494,130,0.0
1637951263,1.1313,1.13132,0.0,0,1637951263794,134,0.0
1637951264,1.13129,1.13131,0.0,0,1637951264048,134,0.0
1637951264,1.13129,1.13132,0.0,0,1637951264504,4,0.0
1637951264,1.13131,1.13133,0.0,0,1637951264793,134,0.0
1637951265,1.13131,1.13134,0.0,0,1637951265044,4,0.0
1637951265,1.13129,1.13132,0.0,0,1637951265629,134,0.0
1637951265,1.1313,1.13132,0.0,0,1637951265895,130,0.0
1637951266,1.13129,1.13131,0.0,0,1637951266198,134,0.0
1637951266,1.13129,1.13132,0.0,0,1637951266724,4,0.0
1637951267,1.13129,1.13133,0.0,0,1637951267100,4,0.0
1637951267,1.13125,1.13127,0.0,0,1637951267666,134,0.0
1637951267,1.13123,1.13125,0.0,0,1637951267922,134,0.0
1637951268,1.13121,1.13123,0.0,0,1637951268973,134,0.0
1637951269,1.13119,1.13121,0.0,0,1637951269250,134,0.0
1637951269,1.1312,1.13122,0.0,0,1637951269775,134,0.0
1637951270,1.13119,1.13122,0.0,0,1637951270030,130,0.0
1637951270,1.13119,1.13121,0.0,0,1637951270287,4,0.0
1637951270,1.1312,1.13122,0.0,0,1637951270928,134,0.0
1637951271,1.13118,1.13121,0.0,0,1637951271499,134,0.0
1637951272,1.13119,1.13121,0.0,0,1637951272018,130,0.0
1637951272,1.13118,1.13121,0.0,0,1637951272274,130,0.0
1637951273,1.13117,1.13119,0.0,0,1637951273591,134,0.0
1637951273,1.13117,1.1312,0.0,0,1637951273862,4,0.0
1637951274,1.13118,1.1312,0.0,0,1637951274160,130,0.0
1637951274,1.13116,1.13118,0.0,0,1637951274417,134,0.0
1637951275,1.1311499999999999,1.13117,0.0,0,1637951275301,134,0.0
1637951276,1.13114,1.13117,0.0,0,1637951276073,130,0.0
1637951277,1.13114,1.13116,0.0,0,1637951277813,4,0.0
1637951279,1.13116,1.13118,0.0,0,1637951279365,134,0.0
1637951279,1.13118,1.1312,0.0,0,1637951279789,134,0.0
1637951280,1.13119,1.13121,0.0,0,1637951280076,134,0.0
1637951281,1.13118,1.13121,0.0,0,1637951281282,130,0.0
1637951283,1.13119,1.13121,0.0,0,1637951283716,130,0.0
1637951285,1.13118,1.13121,0.0,0,1637951285292,130,0.0
1637951286,1.13119,1.13121,0.0,0,1637951286289,130,0.0
1637951286,1.13118,1.13121,0.0,0,1637951286839,130,0.0
1637951287,1.13119,1.13121,0.0,0,1637951287318,130,0.0
1637951287,1.1312,1.13122,0.0,0,1637951287594,134,0.0
1637951288,1.13121,1.13124,0.0,0,1637951288206,134,0.0
1637951288,1.13121,1.13123,0.0,0,1637951288750,4,0.0
1637951289,1.13123,1.13125,0.0,0,1637951289961,134,0.0
1637951290,1.13127,1.13129,0.0,0,1637951290248,134,0.0
1637951290,1.13129,1.13131,0.0,0,1637951290794,134,0.0
1637951291,1.1313,1.13132,0.0,0,1637951291432,134,0.0
1637951292,1.13132,1.13134,0.0,0,1637951292517,134,0.0
1637951292,1.13131,1.13134,0.0,0,1637951292771,130,0.0
1637951294,1.13131,1.13133,0.0,0,1637951294454,4,0.0
1637951294,1.13134,1.13136,0.0,0,1637951294723,134,0.0
1637951296,1.13133,1.13135,0.0,0,1637951296079,134,0.0
1637951298,1.13138,1.1314,0.0,0,1637951298761,134,0.0
1637951299,1.13138,1.13141,0.0,0,1637951299033,4,0.0
1637951299,1.1313900000000001,1.13141,0.0,0,1637951299294,130,0.0
1637951299,1.13137,1.1313900000000001,0.0,0,1637951299554,134,0.0
1637951300,1.13137,1.1314,0.0,0,1637951300098,4,0.0
1637951300,1.13138,1.13141,0.0,0,1637951300353,134,0.0
1637951301,1.13144,1.13146,0.0,0,1637951301244,134,0.0
1637951301,1.13143,1.13145,0.0,0,1637951301507,134,0.0
1637951302,1.13143,1.13146,0.0,0,1637951302061,4,0.0
1637951303,1.13143,1.13145,0.0,0,1637951303385,4,0.0
1637951303,1.13144,1.13146,0.0,0,1637951303886,134,0.0
1637951304,1.13143,1.13145,0.0,0,1637951304203,134,0.0
1637951305,1.1313900000000001,1.13141,0.0,0,1637951305050,134,0.0
1637951306,1.13138,1.13141,0.0,0,1637951306869,130,0.0
1637951307,1.13136,1.13138,0.0,0,1637951307477,134,0.0
1637951307,1.13134,1.13136,0.0,0,1637951307737,134,0.0
1637951309,1.13133,1.13135,0.0,0,1637951309057,134,0.0
1637951309,1.13131,1.13133,0.0,0,1637951309311,134,0.0
1637951309,1.13132,1.13134,0.0,0,1637951309599,134,0.0
1637951309,1.13132,1.13135,0.0,0,1637951309855,4,0.0
1637951310,1.1313,1.13133,0.0,0,1637951310796,134,0.0
1637951311,1.1313,1.13132,0.0,0,1637951311678,4,0.0
1637951311,1.1313,1.13133,0.0,0,1637951311930,4,0.0
1637951312,1.1313,1.13132,0.0,0,1637951312849,4,0.0
1637951313,1.13129,1.13132,0.0,0,1637951313105,130,0.0
1637951314,1.1313,1.13132,0.0,0,1637951314357,130,0.0
1637951314,1.1313,1.13133,0.0,0,1637951314617,4,0.0
1637951314,1.13132,1.13134,0.0,0,1637951314894,134,0.0
1637951315,1.13134,1.13136,0.0,0,1637951315157,134,0.0
1637951315,1.13133,1.13136,0.0,0,1637951315413,130,0.0
1637951315,1.13137,1.1313900000000001,0.0,0,1637951315747,134,0.0
1637951315,1.13135,1.13138,0.0,0,1637951315998,134,0.0
1637951317,1.13134,1.13137,0.0,0,1637951317229,134,0.0
1637951317,1.13135,1.13138,0.0,0,1637951317672,134,0.0
1637951317,1.13138,1.1314,0.0,0,1637951317932,134,0.0
1637951318,1.1314,1.13142,0.0,0,1637951318181,134,0.0
1637951318,1.13137,1.1313900000000001,0.0,0,1637951318740,134,0.0
1637951319,1.13135,1.13138,0.0,0,1637951319026,134,0.0
1637951319,1.13136,1.13138,0.0,0,1637951319344,130,0.0
1637951320,1.1313900000000001,1.13141,0.0,0,1637951320699,134,0.0
1637951320,1.13138,1.13141,0.0,0,1637951320955,130,0.0
1637951321,1.13138,1.1314,0.0,0,1637951321252,4,0.0
1637951321,1.13136,1.1313900000000001,0.0,0,1637951321515,134,0.0
1637951322,1.13136,1.13138,0.0,0,1637951322500,4,0.0
1637951322,1.13134,1.13137,0.0,0,1637951322750,134,0.0
1637951323,1.13135,1.13137,0.0,0,1637951323127,130,0.0
1637951324,1.13135,1.13138,0.0,0,1637951324598,4,0.0
1637951325,1.13134,1.13136,0.0,0,1637951325244,134,0.0
1637951325,1.13133,1.13136,0.0,0,1637951325502,130,0.0
1637951326,1.13134,1.13136,0.0,0,1637951326765,130,0.0
1637951329,1.13133,1.13136,0.0,0,1637951329036,130,0.0
1637951329,1.13134,1.13136,0.0,0,1637951329288,130,0.0
1637951331,1.13133,1.13136,0.0,0,1637951331102,130,0.0
1637951332,1.1313,1.13132,0.0,0,1637951332006,134,0.0
1637951332,1.13129,1.13132,0.0,0,1637951332270,130,0.0
1637951334,1.13128,1.13131,0.0,0,1637951334245,134,0.0
1637951334,1.13129,1.13131,0.0,0,1637951334758,130,0.0
1637951336,1.1313,1.13132,0.0,0,1637951336446,134,0.0
1637951336,1.13128,1.13131,0.0,0,1637951336702,134,0.0
1637951337,1.13127,1.13129,0.0,0,1637951337374,134,0.0
1637951337,1.13125,1.13127,0.0,0,1637951337625,134,0.0
1637951337,1.13124,1.13127,0.0,0,1637951337889,130,0.0
1637951338,1.13124,1.13126,0.0,0,1637951338356,4,0.0
1637951338,1.13124,1.13127,0.0,0,1637951338897,4,0.0
1637951339,1.13124,1.13126,0.0,0,1637951339166,4,0.0
1637951339,1.13124,1.13127,0.0,0,1637951339448,4,0.0
1637951340,1.13124,1.13127,0.0,0,1637951340344,130,0.0
1637951341,1.13124,1.13126,0.0,0,1637951341813,4,0.0
1637951342,1.13124,1.13127,0.0,0,1637951342099,4,0.0
1637951342,1.13123,1.13126,0.0,0,1637951342357,134,0.0
1637951342,1.13124,1.13126,0.0,0,1637951342721,130,0.0
1637951343,1.13125,1.13127,0.0,0,1637951343307,134,0.0
1637951344,1.13126,1.13128,0.0,0,1637951344294,134,0.0
1637951346,1.13123,1.13125,0.0,0,1637951346233,134,0.0
1637951348,1.1312,1.13123,0.0,0,1637951348302,134,0.0
1637951349,1.13121,1.13123,0.0,0,1637951349648,130,0.0
1637951350,1.1312,1.13123,0.0,0,1637951350015,130,0.0
1637951350,1.13121,1.13123,0.0,0,1637951350269,130,0.0
1637951350,1.13123,1.13125,0.0,0,1637951350526,134,0.0
1637951351,1.13122,1.13125,0.0,0,1637951351057,130,0.0
1637951351,1.13124,1.13126,0.0,0,1637951351325,134,0.0
1637951351,1.13126,1.13128,0.0,0,1637951351860,134,0.0
1637951352,1.13123,1.13126,0.0,0,1637951352120,134,0.0
1637951352,1.13124,1.13126,0.0,0,1637951352427,130,0.0
1637951352,1.13124,1.13127,0.0,0,1637951352686,4,0.0
1637951353,1.13123,1.13126,0.0,0,1637951353279,134,0.0
1637951355,1.13122,1.13124,0.0,0,1637951355510,134,0.0
1637951355,1.13119,1.13122,0.0,0,1637951355782,134,0.0
1637951357,1.13118,1.13121,0.0,0,1637951357718,134,0.0
1637951358,1.13119,1.13121,0.0,0,1637951358077,130,0.0
1637951358,1.13118,1.13121,0.0,0,1637951358733,130,0.0
1637951359,1.13119,1.13121,0.0,0,1637951359596,130,0.0
1637951360,1.13121,1.13123,0.0,0,1637951360291,134,0.0
1637951360,1.13123,1.13125,0.0,0,1637951360544,134,0.0
1637951361,1.13124,1.13126,0.0,0,1637951361097,134,0.0
1637951361,1.13122,1.13126,0.0,0,1637951361380,130,0.0
1637951361,1.13125,1.13127,0.0,0,1637951361814,134,0.0
1637951362,1.13124,1.13127,0.0,0,1637951362067,130,0.0
1637951362,1.13123,1.13126,0.0,0,1637951362324,134,0.0
1637951362,1.13124,1.13126,0.0,0,1637951362591,130,0.0
1637951362,1.13123,1.13126,0.0,0,1637951362879,130,0.0
1637951363,1.13127,1.13129,0.0,0,1637951363270,134,0.0
1637951363,1.13125,1.13128,0.0,0,1637951363538,134,0.0
1637951363,1.13126,1.13129,0.0,0,1637951363845,134,0.0
1637951364,1.13125,1.13127,0.0,0,1637951364179,134,0.0
1637951364,1.13124,1.13126,0.0,0,1637951364443,134,0.0
1637951366,1.13123,1.13126,0.0,0,1637951366527,130,0.0
1637951367,1.13124,1.13126,0.0,0,1637951367914,130,0.0
1637951368,1.13122,1.13126,0.0,0,1637951368167,130,0.0
1637951368,1.13123,1.13126,0.0,0,1637951368445,130,0.0
1637951368,1.13124,1.13126,0.0,0,1637951368704,130,0.0
1637951368,1.13123,1.13126,0.0,0,1637951368959,130,0.0
1637951369,1.13124,1.13126,0.0,0,1637951369255,130,0.0
1637951369,1.13126,1.13128,0.0,0,1637951369799,134,0.0
1637951370,1.13125,1.13128,0.0,0,1637951370989,130,0.0
1637951371,1.13128,1.13131,0.0,0,1637951371242,134,0.0
1637951371,1.13127,1.13129,0.0,0,1637951371500,134,0.0
1637951371,1.13125,1.13127,0.0,0,1637951371766,134,0.0
1637951372,1.13124,1.13126,0.0,0,1637951372839,134,0.0
1637951374,1.13125,1.13127,0.0,0,1637951374693,134,0.0
1637951374,1.13126,1.13128,0.0,0,1637951374971,134,0.0
1637951375,1.13128,1.1313,0.0,0,1637951375950,134,0.0
1637951376,1.13128,1.13131,0.0,0,1637951376216,4,0.0
1637951376,1.13129,1.13131,0.0,0,1637951376471,130,0.0
1637951376,1.13129,1.13132,0.0,0,1637951376783,4,0.0
1637951377,1.13129,1.13131,0.0,0,1637951377367,4,0.0
1637951377,1.13132,1.13135,0.0,0,1637951377969,134,0.0
1637951378,1.13133,1.13135,0.0,0,1637951378249,130,0.0
1637951379,1.13133,1.13136,0.0,0,1637951379439,4,0.0
1637951379,1.13134,1.13136,0.0,0,1637951379872,130,0.0
1637951380,1.13133,1.13136,0.0,0,1637951380203,130,0.0
1637951380,1.13133,1.13135,0.0,0,1637951380541,4,0.0
1637951381,1.13132,1.13135,0.0,0,1637951381859,130,0.0
1637951382,1.13133,1.13135,0.0,0,1637951382296,130,0.0
1637951382,1.13134,1.13136,0.0,0,1637951382999,134,0.0
1637951384,1.13133,1.13136,0.0,0,1637951384104,130,0.0
1637951384,1.13135,1.13137,0.0,0,1637951384662,134,0.0
1637951384,1.13133,1.13136,0.0,0,1637951384916,134,0.0
1637951385,1.13132,1.13135,0.0,0,1637951385623,134,0.0
1637951387,1.13131,1.13133,0.0,0,1637951387601,134,0.0
1637951387,1.13129,1.13131,0.0,0,1637951387850,134,0.0
1637951388,1.13127,1.1313,0.0,0,1637951388102,134,0.0
1637951388,1.13129,1.13131,0.0,0,1637951388359,134,0.0
1637951389,1.13128,1.13131,0.0,0,1637951389166,130,0.0
1637951389,1.13128,1.1313,0.0,0,1637951389681,4,0.0
1637951392,1.13129,1.13131,0.0,0,1637951392489,134,0.0
1637951393,1.13128,1.1313,0.0,0,1637951393334,134,0.0
1637951395,1.13129,1.13131,0.0,0,1637951395289,134,0.0
1637951395,1.1313,1.13132,0.0,0,1637951395569,134,0.0
1637951396,1.13128,1.1313,0.0,0,1637951396180,134,0.0
1637951399,1.13127,1.13129,0.0,0,1637951399638,134,0.0
1637951399,1.13126,1.13129,0.0,0,1637951399996,130,0.0
1637951400,1.13126,1.13129,0.0,0,1637951400276,130,0.0
1637951400,1.13123,1.13125,0.0,0,1637951400571,134,0.0
1637951402,1.13122,1.13124,0.0,0,1637951402018,134,0.0
1637951402,1.13122,1.13125,0.0,0,1637951402342,4,0.0
1637951402,1.13126,1.13128,0.0,0,1637951402671,134,0.0
1637951402,1.13125,1.13127,0.0,0,1637951402929,134,0.0
1637951403,1.13127,1.13129,0.0,0,1637951403800,134,0.0
1637951404,1.13126,1.13129,0.0,0,1637951404061,130,0.0
1637951405,1.13127,1.13129,0.0,0,1637951405659,130,0.0
1637951405,1.1313,1.13132,0.0,0,1637951405938,134,0.0
1637951406,1.13131,1.13133,0.0,0,1637951406215,134,0.0
1637951407,1.1313,1.13132,0.0,0,1637951407627,134,0.0
1637951408,1.13132,1.13134,0.0,0,1637951408560,134,0.0
1637951412,1.13133,1.13135,0.0,0,1637951412163,134,0.0
1637951412,1.13132,1.13134,0.0,0,1637951412493,134,0.0
1637951412,1.13129,1.13131,0.0,0,1637951412745,134,0.0
1637951413,1.13128,1.1313,0.0,0,1637951413548,134,0.0
1637951414,1.13129,1.13131,0.0,0,1637951414399,134,0.0
1637951414,1.13128,1.1313,0.0,0,1637951414721,134,0.0
1637951415,1.1313,1.13132,0.0,0,1637951415010,134,0.0
1637951415,1.13131,1.13133,0.0,0,1637951415595,134,0.0
1637951416,1.13132,1.13134,0.0,0,1637951416238,134,0.0
1637951416,1.1313,1.13132,0.0,0,1637951416722,134,0.0
1637951417,1.13129,1.13131,0.0,0,1637951417003,134,0.0
1637951417,1.13128,1.1313,0.0,0,1637951417305,134,0.0
1637951417,1.1313,1.13132,0.0,0,1637951417820,134,0.0
1637951418,1.13129,1.13131,0.0,0,1637951418072,134,0.0
1637951418,1.1313,1.13132,0.0,0,1637951418325,134,0.0
1637951418,1.13127,1.13129,0.0,0,1637951418662,134,0.0
1637951419,1.13128,1.1313,0.0,0,1637951419193,134,0.0
1637951420,1.13127,1.13129,0.0,0,1637951420368,134,0.0
1637951420,1.13129,1.13131,0.0,0,1637951420619,134,0.0
1637951422,1.13129,1.13132,0.0,0,1637951422645,4,0.0
1637951424,1.13131,1.13134,0.0,0,1637951424815,134,0.0
1637951425,1.13132,1.13134,0.0,0,1637951425433,130,0.0
1637951426,1.13133,1.13135,0.0,0,1637951426656,134,0.0
1637951426,1.13132,1.13134,0.0,0,1637951426941,134,0.0
1637951429,1.1313,1.13132,0.0,0,1637951429933,134,0.0
1637951430,1.13131,1.13133,0.0,0,1637951430456,134,0.0
1637951431,1.13132,1.13134,0.0,0,1637951431567,134,0.0
1637951432,1.13131,1.13133,0.0,0,1637951432141,134,0.0
1637951432,1.13132,1.13134,0.0,0,1637951432415,134,0.0
1637951432,1.13131,1.13133,0.0,0,1637951432963,134,0.0
1637951433,1.13129,1.13132,0.0,0,1637951433219,134,0.0
1637951433,1.1313,1.13133,0.0,0,1637951433584,134,0.0
1637951433,1.13129,1.13132,0.0,0,1637951433912,134,0.0
1637951435,1.13126,1.13128,0.0,0,1637951435139,134,0.0
1637951435,1.13123,1.13126,0.0,0,1637951435389,134,0.0
1637951435,1.13121,1.13123,0.0,0,1637951435651,134,0.0
1637951435,1.13119,1.13122,0.0,0,1637951435914,134,0.0
1637951436,1.1311499999999999,1.13117,0.0,0,1637951436190,134,0.0
1637951436,1.1311499999999999,1.13118,0.0,0,1637951436515,4,0.0
1637951438,1.13116,1.13118,0.0,0,1637951438730,130,0.0
1637951440,1.1311499999999999,1.13118,0.0,0,1637951440083,130,0.0
1637951440,1.13118,1.1312,0.0,0,1637951440774,134,0.0
1637951443,1.13122,1.13124,0.0,0,1637951443070,134,0.0
1637951444,1.13121,1.13123,0.0,0,1637951444344,134,0.0
1637951444,1.1312,1.13123,0.0,0,1637951444599,130,0.0
1637951444,1.13121,1.13123,0.0,0,1637951444865,130,0.0
1637951445,1.1312,1.13123,0.0,0,1637951445145,130,0.0
1637951445,1.13119,1.13121,0.0,0,1637951445408,134,0.0
1637951446,1.13118,1.1312,0.0,0,1637951446318,134,0.0
1637951447,1.13119,1.13121,0.0,0,1637951447314,134,0.0
1637951447,1.13117,1.13121,0.0,0,1637951447926,130,0.0
1637951448,1.13113,1.1311499999999999,0.0,0,1637951448506,134,0.0
1637951449,1.13114,1.13116,0.0,0,1637951449040,134,0.0
1637951449,1.13113,1.1311499999999999,0.0,0,1637951449292,134,0.0
1637951449,1.13114,1.13116,0.0,0,1637951449661,134,0.0
1637951449,1.1311499999999999,1.13118,0.0,0,1637951449920,134,0.0
1637951450,1.13116,1.13118,0.0,0,1637951450207,130,0.0
1637951450,1.13117,1.1312,0.0,0,1637951450481,134,0.0
1637951450,1.13119,1.13121,0.0,0,1637951450761,134,0.0
1637951451,1.13118,1.13121,0.0,0,1637951451988,130,0.0
1637951452,1.13117,1.13119,0.0,0,1637951452734,134,0.0
1637951453,1.13114,1.13116,0.0,0,1637951453796,134,0.0
1637951454,1.13113,1.13116,0.0,0,1637951454051,130,0.0
1637951454,1.13112,1.13114,0.0,0,1637951454381,134,0.0
1637951455,1.13112,1.1311499999999999,0.0,0,1637951455495,4,0.0
1637951455,1.13112,1.13114,0.0,0,1637951455769,4,0.0
1637951456,1.13111,1.13114,0.0,0,1637951456101,130,0.0
1637951456,1.13112,1.1311499999999999,0.0,0,1637951456354,134,0.0
1637951456,1.13114,1.13116,0.0,0,1637951456975,134,0.0
1637951457,1.13114,1.13117,0.0,0,1637951457230,4,0.0
1637951457,1.1311499999999999,1.13117,0.0,0,1637951457700,130,0.0
1637951458,1.13114,1.13117,0.0,0,1637951458339,130,0.0
1637951458,1.13113,1.13116,0.0,0,1637951458720,134,0.0
1637951458,1.1311499999999999,1.13118,0.0,0,1637951458983,134,0.0
1637951459,1.13118,1.1312,0.0,0,1637951459790,134,0.0
1637951460,1.13118,1.1312,0.0,0,1637951460386,130,0.0
1637951461,1.13119,1.13121,0.0,0,1637951461013,134,0.0
1637951461,1.13118,1.1312,0.0,0,1637951461614,134,0.0
1637951461,1.13119,1.13121,0.0,0,1637951461872,134,0.0
1637951462,1.13122,1.13124,0.0,0,1637951462129,134,0.0
1637951462,1.1312,1.13122,0.0,0,1637951462419,134,0.0
1637951463,1.13119,1.13121,0.0,0,1637951463210,134,0.0
1637951463,1.1312,1.13122,0.0,0,1637951463506,134,0.0
1637951464,1.13122,1.13124,0.0,0,1637951464167,134,0.0
1637951464,1.13126,1.13128,0.0,0,1637951464422,134,0.0
1637951464,1.13126,1.13129,0.0,0,1637951464679,4,0.0
1637951465,1.13122,1.13124,0.0,0,1637951465714,134,0.0
1637951465,1.13122,1.13125,0.0,0,1637951465968,4,0.0
1637951466,1.13123,1.13125,0.0,0,1637951466581,130,0.0
1637951468,1.13122,1.13125,0.0,0,1637951468155,130,0.0
1637951468,1.13123,1.13125,0.0,0,1637951468683,130,0.0
1637951471,1.13125,1.13128,0.0,0,1637951471235,134,0.0
1637951471,1.13126,1.13128,0.0,0,1637951471512,130,0.0
1637951471,1.13126,1.13129,0.0,0,1637951471779,4,0.0
1637951472,1.13127,1.13129,0.0,0,1637951472059,130,0.0
1637951473,1.13126,1.13129,0.0,0,1637951473158,130,0.0
1637951473,1.13127,1.13129,0.0,0,1637951473500,130,0.0
1637951474,1.13126,1.13129,0.0,0,1637951474656,130,0.0
1637951474,1.13123,1.13127,0.0,0,1637951474967,134,0.0
1637951475,1.13123,1.13125,0.0,0,1637951475792,4,0.0
1637951476,1.13122,1.13124,0.0,0,1637951476078,134,0.0
1637951476,1.13122,1.13125,0.0,0,1637951476329,4,0.0
1637951476,1.13119,1.13121,0.0,0,1637951476608,134,0.0
1637951476,1.13116,1.13118,0.0,0,1637951476868,134,0.0
1637951477,1.1311499999999999,1.13117,0.0,0,1637951477411,134,0.0
1637951477,1.13113,1.13116,0.0,0,1637951477676,134,0.0
1637951478,1.1311499999999999,1.13117,0.0,0,1637951478406,134,0.0
1637951478,1.13113,1.13116,0.0,0,1637951478669,134,0.0
1637951480,1.13117,1.1312,0.0,0,1637951480775,134,0.0
1637951481,1.1311499999999999,1.13118,0.0,0,1637951481158,134,0.0
1637951484,1.13116,1.13118,0.0,0,1637951484095,130,0.0
1637951484,1.1311499999999999,1.13118,0.0,0,1637951484345,130,0.0
1637951484,1.13114,1.13117,0.0,0,1637951484905,134,0.0
1637951485,1.13113,1.1311499999999999,0.0,0,1637951485865,134,0.0
1637951486,1.13112,1.1311499999999999,0.0,0,1637951486381,130,0.0
1637951486,1.13111,1.13114,0.0,0,1637951486745,134,0.0
1637951486,1.1311,1.13113,0.0,0,1637951486996,134,0.0
1637951487,1.1311,1.13112,0.0,0,1637951487903,4,0.0
1637951488,1.13111,1.13113,0.0,0,1637951488158,134,0.0
1637951492,1.1311,1.13112,0.0,0,1637951492692,134,0.0
1637951493,1.1311,1.13113,0.0,0,1637951493214,4,0.0
1637951495,1.1311,1.13112,0.0,0,1637951495901,4,0.0
1637951499,1.13111,1.13113,0.0,0,1637951499635,134,0.0
1637951500,1.1311,1.13113,0.0,0,1637951500282,130,0.0
1637951500,1.13112,1.13114,0.0,0,1637951500970,134,0.0
1637951504,1.13113,1.1311499999999999,0.0,0,1637951504121,134,0.0
1637951504,1.13114,1.13116,0.0,0,1637951504405,134,0.0
1637951505,1.13118,1.1312,0.0,0,1637951505019,134,0.0
1637951505,1.13119,1.13121,0.0,0,1637951505274,134,0.0
1637951505,1.13119,1.13122,0.0,0,1637951505530,4,0.0
1637951505,1.13123,1.13125,0.0,0,1637951505853,134,0.0
1637951507,1.13124,1.13126,0.0,0,1637951507259,134,0.0
1637951507,1.13125,1.13127,0.0,0,1637951507512,134,0.0
1637951507,1.13124,1.13126,0.0,0,1637951507764,134,0.0
1637951508,1.13123,1.13125,0.0,0,1637951508022,134,0.0
1637951508,1.13124,1.13126,0.0,0,1637951508280,134,0.0
1637951508,1.13123,1.13126,0.0,0,1637951508857,130,0.0
1637951509,1.13124,1.13126,0.0,0,1637951509192,130,0.0
1637951510,1.13124,1.13127,0.0,0,1637951510470,4,0.0
1637951510,1.13123,1.13126,0.0,0,1637951510775,134,0.0
1637951511,1.13123,1.13125,0.0,0,1637951511064,4,0.0
1637951511,1.1312,1.13122,0.0,0,1637951511322,134,0.0
1637951511,1.13121,1.13123,0.0,0,1637951511596,134,0.0
1637951512,1.13119,1.13121,0.0,0,1637951512113,134,0.0
1637951512,1.13116,1.13118,0.0,0,1637951512756,134,0.0
1637951515,1.13117,1.13119,0.0,0,1637951515285,134,0.0
1637951515,1.13116,1.13118,0.0,0,1637951515537,134,0.0
1637951517,1.1311499999999999,1.13117,0.0,0,1637951517538,134,0.0
1637951518,1.13116,1.13118,0.0,0,1637951518511,134,0.0
1637951519,1.13117,1.13119,0.0,0,1637951519910,134,0.0
1637951520,1.13119,1.13121,0.0,0,1637951520162,134,0.0
1637951520,1.13116,1.13119,0.0,0,1637951520439,134,0.0
1637951520,1.13116,1.13118,0.0,0,1637951520691,4,0.0
1637951523,1.1311499999999999,1.13117,0.0,0,1637951523673,134,0.0
1637951524,1.13118,1.1312,0.0,0,1637951524513,134,0.0
1637951524,1.13116,1.13118,0.0,0,1637951524804,134,0.0
1637951525,1.13117,1.13119,0.0,0,1637951525356,134,0.0
1637951526,1.13116,1.13118,0.0,0,1637951526158,134,0.0
1637951526,1.13117,1.13119,0.0,0,1637951526592,134,0.0
1637951527,1.13117,1.1312,0.0,0,1637951527137,4,0.0
1637951527,1.13117,1.13119,0.0,0,1637951527390,4,0.0
1637951528,1.13118,1.1312,0.0,0,1637951528578,134,0.0
1637951528,1.13119,1.13121,0.0,0,1637951528835,134,0.0
1637951530,1.13116,1.13119,0.0,0,1637951530349,134,0.0
1637951531,1.13119,1.13121,0.0,0,1637951531848,134,0.0
1637951532,1.1312,1.13122,0.0,0,1637951532131,134,0.0
1637951532,1.13122,1.13124,0.0,0,1637951532390,134,0.0
1637951532,1.13123,1.13125,0.0,0,1637951532659,134,0.0
1637951534,1.13124,1.13126,0.0,0,1637951534583,134,0.0
1637951535,1.13123,1.13126,0.0,0,1637951535601,130,0.0
1637951537,1.13124,1.13126,0.0,0,1637951537153,130,0.0
1637951537,1.13124,1.13127,0.0,0,1637951537435,4,0.0
1637951537,1.13124,1.13126,0.0,0,1637951537755,4,0.0
1637951538,1.13123,1.13126,0.0,0,1637951538011,130,0.0
1637951538,1.13124,1.13126,0.0,0,1637951538268,130,0.0
1637951538,1.13127,1.13129,0.0,0,1637951538569,134,0.0
1637951538,1.13129,1.13131,0.0,0,1637951538834,134,0.0
1637951539,1.13125,1.13127,0.0,0,1637951539399,134,0.0
1637951541,1.13127,1.1313,0.0,0,1637951541131,134,0.0
1637951541,1.13128,1.1313,0.0,0,1637951541593,130,0.0
1637951542,1.13127,1.1313,0.0,0,1637951542039,130,0.0
1637951542,1.13128,1.1313,0.0,0,1637951542401,130,0.0
1637951544,1.13129,1.13131,0.0,0,1637951544394,134,0.0
1637951549,1.1313,1.13132,0.0,0,1637951549811,134,0.0
1637951550,1.1313,1.13133,0.0,0,1637951550064,4,0.0
1637951550,1.13129,1.13132,0.0,0,1637951550567,134,0.0
1637951550,1.13131,1.13133,0.0,0,1637951550882,134,0.0
1637951552,1.1313,1.13132,0.0,0,1637951552431,134,0.0
1637951552,1.13129,1.13132,0.0,0,1637951552773,130,0.0
1637951554,1.13128,1.13132,0.0,0,1637951554490,130,0.0
1637951554,1.13128,1.13131,0.0,0,1637951554765,4,0.0
1637951555,1.13129,1.13131,0.0,0,1637951555341,130,0.0
1637951557,1.13128,1.13131,0.0,0,1637951557133,130,0.0
1637951558,1.13129,1.13131,0.0,0,1637951558019,130,0.0
1637951560,1.13129,1.13132,0.0,0,1637951560836,4,0.0
1637951561,1.13132,1.13134,0.0,0,1637951561822,134,0.0
1637951562,1.13132,1.13135,0.0,0,1637951562074,4,0.0
1637951564,1.13133,1.13135,0.0,0,1637951564143,130,0.0
1637951566,1.13132,1.13135,0.0,0,1637951566640,130,0.0
1637951567,1.13133,1.13136,0.0,0,1637951567659,134,0.0
1637951567,1.13132,1.13135,0.0,0,1637951567910,134,0.0
1637951568,1.13133,1.13135,0.0,0,1637951568798,130,0.0
1637951569,1.13131,1.13133,0.0,0,1637951569131,134,0.0
1637951569,1.13128,1.1313,0.0,0,1637951569383,134,0.0
1637951569,1.13127,1.13129,0.0,0,1637951569634,134,0.0
1637951570,1.13126,1.13128,0.0,0,1637951570216,134,0.0
1637951570,1.13125,1.13127,0.0,0,1637951570484,134,0.0
1637951570,1.13124,1.13126,0.0,0,1637951570735,134,0.0
1637951571,1.13126,1.13128,0.0,0,1637951571305,134,0.0
1637951571,1.13125,1.13127,0.0,0,1637951571567,134,0.0
1637951572,1.13126,1.13128,0.0,0,1637951572719,134,0.0
1637951574,1.13125,1.13128,0.0,0,1637951574724,130,0.0
1637951574,1.13126,1.13128,0.0,0,1637951574975,130,0.0
1637951575,1.13125,1.13128,0.0,0,1637951575233,130,0.0
1637951575,1.13126,1.13128,0.0,0,1637951575743,130,0.0
1637951576,1.13125,1.13128,0.0,0,1637951576060,130,0.0
1637951576,1.13125,1.13127,0.0,0,1637951576802,4,0.0
1637951578,1.13126,1.13128,0.0,0,1637951578841,134,0.0
1637951580,1.13125,1.13127,0.0,0,1637951580045,134,0.0
1637951580,1.13126,1.13128,0.0,0,1637951580329,134,0.0
1637951580,1.13125,1.13127,0.0,0,1637951580905,134,0.0
1637951581,1.13126,1.13128,0.0,0,1637951581290,134,0.0
1637951582,1.13125,1.13127,0.0,0,1637951582578,134,0.0
1637951583,1.13126,1.13128,0.0,0,1637951583303,134,0.0
1637951583,1.13124,1.13127,0.0,0,1637951583559,134,0.0
1637951584,1.13124,1.13126,0.0,0,1637951584090,4,0.0
1637951584,1.13125,1.13127,0.0,0,1637951584885,134,0.0
1637951585,1.13124,1.13127,0.0,0,1637951585139,130,0.0
1637951585,1.13125,1.13127,0.0,0,1637951585427,130,0.0
1637951586,1.13126,1.13129,0.0,0,1637951586353,134,0.0
1637951586,1.13125,1.13129,0.0,0,1637951586665,130,0.0
1637951587,1.13126,1.13129,0.0,0,1637951587358,130,0.0
1637951588,1.13126,1.13128,0.0,0,1637951588028,4,0.0
1637951588,1.13125,1.13128,0.0,0,1637951588310,130,0.0
1637951588,1.13126,1.13128,0.0,0,1637951588669,130,0.0
1637951589,1.13124,1.13127,0.0,0,1637951589810,134,0.0
1637951590,1.13125,1.13127,0.0,0,1637951590832,130,0.0
1637951591,1.13124,1.13127,0.0,0,1637951591262,130,0.0
1637951592,1.13125,1.13127,0.0,0,1637951592016,130,0.0
1637951592,1.13126,1.13128,0.0,0,1637951592968,134,0.0
1637951594,1.13125,1.13128,0.0,0,1637951594418,130,0.0
1637951594,1.13125,1.13127,0.0,0,1637951594766,4,0.0
1637951596,1.13124,1.13127,0.0,0,1637951596375,130,0.0
1637951596,1.13125,1.13127,0.0,0,1637951596709,130,0.0
1637951597,1.13127,1.13129,0.0,0,1637951597339,134,0.0
1637951597,1.13127,1.1313,0.0,0,1637951597598,4,0.0
1637951598,1.13131,1.13133,0.0,0,1637951598005,134,0.0
1637951599,1.13134,1.13136,0.0,0,1637951599347,134,0.0
1637951599,1.13135,1.13137,0.0,0,1637951599661,134,0.0
1637951599,1.13136,1.13138,0.0,0,1637951599951,134,0.0
1637951600,1.13137,1.1313900000000001,0.0,0,1637951600206,134,0.0
1637951602,1.13136,1.13138,0.0,0,1637951602411,134,0.0
1637951602,1.13134,1.13137,0.0,0,1637951602703,134,0.0
1637951603,1.13134,1.13136,0.0,0,1637951603830,4,0.0
1637951605,1.13132,1.13134,0.0,0,1637951605529,134,0.0
1637951606,1.13133,1.13135,0.0,0,1637951606332,134,0.0
1637951608,1.13132,1.13134,0.0,0,1637951608358,134,0.0
1637951609,1.13131,1.13133,0.0,0,1637951609725,134,0.0
1637951609,1.13131,1.13134,0.0,0,1637951609979,4,0.0
1637951610,1.1313,1.13133,0.0,0,1637951610230,134,0.0
1637951610,1.13129,1.13131,0.0,0,1637951610875,134,0.0
1637951620,1.13129,1.13132,0.0,0,1637951620896,4,0.0
1637951621,1.13133,1.13135,0.0,0,1637951621181,134,0.0
1637951621,1.13132,1.13135,0.0,0,1637951621446,130,0.0
1637951622,1.13133,1.13135,0.0,0,1637951622229,130,0.0
1637951623,1.13131,1.13133,0.0,0,1637951623076,134,0.0
1637951623,1.1313,1.13132,0.0,0,1637951623346,134,0.0
1637951623,1.1313,1.13133,0.0,0,1637951623666,4,0.0
1637951628,1.1313,1.13132,0.0,0,1637951628528,4,0.0
1637951628,1.13129,1.13131,0.0,0,1637951628779,134,0.0
1637951629,1.1313,1.13132,0.0,0,1637951629041,134,0.0
1637951631,1.13132,1.13134,0.0,0,1637951631416,134,0.0
1637951633,1.13131,1.13133,0.0,0,1637951633361,134,0.0
1637951633,1.13131,1.13134,0.0,0,1637951633614,4,0.0
1637951634,1.13131,1.13133,0.0,0,1637951634816,4,0.0
1637951641,1.13133,1.13135,0.0,0,1637951641347,134,0.0
1637951641,1.13134,1.13136,0.0,0,1637951641951,134,0.0
1637951642,1.13135,1.13137,0.0,0,1637951642629,134,0.0
1637951643,1.1313900000000001,1.13141,0.0,0,1637951643454,134,0.0
1637951645,1.13141,1.13143,0.0,0,1637951645012,134,0.0
1637951645,1.13143,1.13145,0.0,0,1637951645270,134,0.0
1637951646,1.13142,1.13145,0.0,0,1637951646026,130,0.0
1637951646,1.13143,1.13145,0.0,0,1637951646533,130,0.0
1637951647,1.13142,1.13145,0.0,0,1637951647174,130,0.0
1637951649,1.13144,1.13146,0.0,0,1637951649209,134,0.0
1637951652,1.13143,1.13146,0.0,0,1637951652268,130,0.0
1637951652,1.13144,1.13146,0.0,0,1637951652843,130,0.0
1637951657,1.13148,1.1315,0.0,0,1637951657358,134,0.0
1637951657,1.13145,1.13147,0.0,0,1637951657614,134,0.0
1637951657,1.13144,1.13146,0.0,0,1637951657867,134,0.0
1637951658,1.1313900000000001,1.13141,0.0,0,1637951658639,134,0.0
1637951658,1.13138,1.13141,0.0,0,1637951658930,130,0.0
1637951659,1.13138,1.1314,0.0,0,1637951659744,4,0.0
1637951659,1.1313900000000001,1.13141,0.0,0,1637951659994,134,0.0
1637951661,1.13142,1.13144,0.0,0,1637951661369,134,0.0
1637951661,1.13143,1.13145,0.0,0,1637951661622,134,0.0
1637951661,1.13143,1.13146,0.0,0,1637951661913,4,0.0
1637951662,1.13142,1.13144,0.0,0,1637951662619,134,0.0
1637951662,1.13143,1.13146,0.0,0,1637951662873,134,0.0
1637951663,1.13142,1.13144,0.0,0,1637951663137,134,0.0
1637951663,1.13144,1.13146,0.0,0,1637951663429,134,0.0
1637951666,1.13145,1.13147,0.0,0,1637951666886,134,0.0
1637951667,1.13144,1.13147,0.0,0,1637951667663,130,0.0
1637951668,1.13147,1.1314899999999999,0.0,0,1637951668185,134,0.0
1637951668,1.13146,1.13148,0.0,0,1637951668736,134,0.0
1637951668,1.13146,1.1314899999999999,0.0,0,1637951668991,4,0.0
1637951669,1.13147,1.1314899999999999,0.0,0,1637951669276,130,0.0
1637951669,1.13147,1.1315,0.0,0,1637951669556,4,0.0
1637951670,1.13146,1.1314899999999999,0.0,0,1637951670094,134,0.0
1637951670,1.13144,1.13147,0.0,0,1637951670914,134,0.0
1637951671,1.13144,1.13146,0.0,0,1637951671172,4,0.0
1637951679,1.1314,1.13142,0.0,0,1637951679115,134,0.0
1637951679,1.13137,1.1313900000000001,0.0,0,1637951679370,134,0.0
1637951679,1.13135,1.13138,0.0,0,1637951679625,134,0.0
1637951680,1.13135,1.13137,0.0,0,1637951680231,4,0.0
1637951680,1.13136,1.13138,0.0,0,1637951680756,134,0.0
1637951681,1.13136,1.1313900000000001,0.0,0,1637951681182,4,0.0
1637951681,1.13137,1.1313900000000001,0.0,0,1637951681675,130,0.0
1637951682,1.13136,1.13138,0.0,0,1637951682226,134,0.0
1637951682,1.13135,1.13138,0.0,0,1637951682725,130,0.0
1637951684,1.13134,1.13138,0.0,0,1637951684026,130,0.0
1637951684,1.13136,1.13138,0.0,0,1637951684574,130,0.0
1637951684,1.13135,1.13138,0.0,0,1637951684838,130,0.0
1637951685,1.13137,1.1313900000000001,0.0,0,1637951685377,134,0.0
1637951685,1.13138,1.1314,0.0,0,1637951685631,134,0.0
1637951685,1.13137,1.1313900000000001,0.0,0,1637951685940,134,0.0
1637951686,1.13136,1.1314,0.0,0,1637951686981,134,0.0
1637951687,1.13137,1.1314,0.0,0,1637951687276,130,0.0
1637951688,1.13135,1.13138,0.0,0,1637951688648,134,0.0
1637951689,1.13135,1.1313900000000001,0.0,0,1637951689433,4,0.0
1637951691,1.13135,1.13138,0.0,0,1637951691352,4,0.0
1637951692,1.13136,1.13138,0.0,0,1637951692539,130,0.0
1637951693,1.13135,1.13138,0.0,0,1637951693386,130,0.0
1637951693,1.13133,1.13136,0.0,0,1637951693651,134,0.0
1637951694,1.13132,1.13135,0.0,0,1637951694189,134,0.0
1637951695,1.13136,1.13138,0.0,0,1637951695846,134,0.0
1637951696,1.13135,1.13137,0.0,0,1637951696113,134,0.0
1637951696,1.13133,1.13136,0.0,0,1637951696371,134,0.0
1637951698,1.13134,1.13136,0.0,0,1637951698901,130,0.0
1637951699,1.13137,1.1313900000000001,0.0,0,1637951699479,134,0.0
1637951700,1.13135,1.13138,0.0,0,1637951700314,134,0.0
1637951700,1.13133,1.13135,0.0,0,1637951700913,134,0.0
1637951701,1.13132,1.13135,0.0,0,1637951701186,130,0.0
1637951701,1.13129,1.13131,0.0,0,1637951701462,134,0.0
1637951701,1.13127,1.1313,0.0,0,1637951701715,134,0.0
1637951703,1.13127,1.13129,0.0,0,1637951703153,4,0.0
1637951704,1.13128,1.1313,0.0,0,1637951704296,134,0.0
1637951704,1.13129,1.13131,0.0,0,1637951704592,134,0.0
1637951705,1.1313,1.13132,0.0,0,1637951705516,134,0.0
1637951705,1.13133,1.13135,0.0,0,1637951705766,134,0.0
1637951707,1.13134,1.13136,0.0,0,1637951707947,134,0.0
1637951709,1.13132,1.13135,0.0,0,1637951709345,134,0.0
1637951709,1.13132,1.13136,0.0,0,1637951709935,4,0.0
1637951710,1.13134,1.13136,0.0,0,1637951710347,130,0.0
1637951715,1.13132,1.13134,0.0,0,1637951715771,134,0.0
1637951716,1.13134,1.13136,0.0,0,1637951716109,134,0.0
1637951717,1.13136,1.13138,0.0,0,1637951717428,134,0.0
1637951717,1.13134,1.13136,0.0,0,1637951717687,134,0.0
1637951717,1.13133,1.13135,0.0,0,1637951717944,134,0.0
1637951718,1.13131,1.13133,0.0,0,1637951718523,134,0.0
1637951719,1.13129,1.13131,0.0,0,1637951719303,134,0.0
1637951719,1.13126,1.13129,0.0,0,1637951719555,134,0.0
1637951722,1.13128,1.1313,0.0,0,1637951722775,134,0.0
1637951723,1.13127,1.13129,0.0,0,1637951723045,134,0.0
1637951723,1.13128,1.1313,0.0,0,1637951723378,134,0.0
1637951723,1.13126,1.13128,0.0,0,1637951723637,134,0.0
1637951723,1.13128,1.1313,0.0,0,1637951723889,134,0.0
1637951726,1.13127,1.13129,0.0,0,1637951726331,134,0.0
1637951731,1.13128,1.1313,0.0,0,1637951731012,134,0.0
1637951731,1.13127,1.13129,0.0,0,1637951731561,134,0.0
1637951732,1.13132,1.13134,0.0,0,1637951732513,134,0.0
1637951732,1.13133,1.13135,0.0,0,1637951732763,134,0.0
1637951733,1.13135,1.13137,0.0,0,1637951733282,134,0.0
1637951733,1.13137,1.1313900000000001,0.0,0,1637951733789,134,0.0
1637951734,1.13135,1.13137,0.0,0,1637951734053,134,0.0
1637951736,1.13134,1.13136,0.0,0,1637951736000,134,0.0
1637951736,1.13135,1.13137,0.0,0,1637951736626,134,0.0
1637951737,1.13134,1.13136,0.0,0,1637951737357,134,0.0
1637951738,1.13132,1.13134,0.0,0,1637951738619,134,0.0
1637951741,1.13133,1.13135,0.0,0,1637951741513,134,0.0
1637951742,1.13134,1.13136,0.0,0,1637951742468,134,0.0
1637951743,1.13135,1.13137,0.0,0,1637951743061,134,0.0
1637951743,1.13134,1.13136,0.0,0,1637951743559,134,0.0
1637951747,1.13133,1.13136,0.0,0,1637951747253,130,0.0
1637951747,1.13134,1.13136,0.0,0,1637951747587,130,0.0
1637951751,1.13133,1.13136,0.0,0,1637951751528,130,0.0
1637951751,1.13133,1.13135,0.0,0,1637951751833,4,0.0
1637951752,1.1313,1.13132,0.0,0,1637951752110,134,0.0
1637951752,1.13129,1.13132,0.0,0,1637951752377,130,0.0
1637951754,1.13133,1.13135,0.0,0,1637951754210,134,0.0
1637951754,1.13132,1.13134,0.0,0,1637951754475,134,0.0
1637951761,1.13133,1.13135,0.0,0,1637951761670,134,0.0
1637951769,1.13133,1.13136,0.0,0,1637951769210,4,0.0
1637951772,1.13133,1.13135,0.0,0,1637951772169,4,0.0
1637951772,1.13133,1.13136,0.0,0,1637951772475,4,0.0
1637951775,1.13134,1.13136,0.0,0,1637951775885,130,0.0
1637951776,1.13135,1.13137,0.0,0,1637951776140,134,0.0
1637951776,1.13136,1.13138,0.0,0,1637951776407,134,0.0
1637951776,1.13136,1.1313900000000001,0.0,0,1637951776666,4,0.0
1637951777,1.13136,1.13138,0.0,0,1637951777706,4,0.0
1637951778,1.13135,1.13137,0.0,0,1637951778515,134,0.0
1637951779,1.13134,1.13136,0.0,0,1637951779409,134,0.0
1637951781,1.13131,1.13133,0.0,0,1637951781738,134,0.0
1637951782,1.13132,1.13135,0.0,0,1637951782268,134,0.0
1637951782,1.13135,1.13137,0.0,0,1637951782521,134,0.0
1637951783,1.13134,1.13136,0.0,0,1637951783030,134,0.0
1637951783,1.13135,1.13137,0.0,0,1637951783357,134,0.0
1637951785,1.13134,1.13136,0.0,0,1637951785552,134,0.0
1637951787,1.13135,1.13137,0.0,0,1637951787797,134,0.0
1637951790,1.13138,1.1314,0.0,0,1637951790799,134,0.0
1637951791,1.13135,1.13138,0.0,0,1637951791890,134,0.0
1637951792,1.13135,1.13137,0.0,0,1637951792981,4,0.0
1637951794,1.13133,1.13135,0.0,0,1637951794183,134,0.0
1637951794,1.13132,1.13135,0.0,0,1637951794476,130,0.0
1637951794,1.13132,1.13134,0.0,0,1637951794884,4,0.0
1637951796,1.13131,1.13134,0.0,0,1637951796281,130,0.0
1637951799,1.13133,1.13135,0.0,0,1637951799962,134,0.0
1637951800,1.13132,1.13134,0.0,0,1637951800223,134,0.0
1637951801,1.13131,1.13133,0.0,0,1637951801116,134,0.0
1637951801,1.13132,1.13134,0.0,0,1637951801368,134,0.0
1637951805,1.1313,1.13133,0.0,0,1637951805379,134,0.0
1637951806,1.13133,1.13135,0.0,0,1637951806493,134,0.0
1637951809,1.1313,1.13133,0.0,0,1637951809635,134,0.0
1637951811,1.1313,1.13132,0.0,0,1637951811330,4,0.0
1637951811,1.13129,1.13132,0.0,0,1637951811590,130,0.0
1637951816,1.13131,1.13133,0.0,0,1637951816555,134,0.0
1637951817,1.13129,1.13132,0.0,0,1637951817064,134,0.0
1637951818,1.13131,1.13133,0.0,0,1637951818272,134,0.0
1637951820,1.13134,1.13136,0.0,0,1637951820375,134,0.0
1637951821,1.13132,1.13135,0.0,0,1637951821391,134,0.0
1637951822,1.13131,1.13134,0.0,0,1637951822720,134,0.0
1637951823,1.13129,1.13132,0.0,0,1637951823639,134,0.0
1637951824,1.13131,1.13133,0.0,0,1637951824841,134,0.0
1637951825,1.13132,1.13134,0.0,0,1637951825611,134,0.0
1637951827,1.13133,1.13136,0.0,0,1637951827626,134,0.0
1637951827,1.13133,1.13135,0.0,0,1637951827891,4,0.0
1637951833,1.13129,1.13131,0.0,0,1637951833861,134,0.0
1637951835,1.13124,1.13126,0.0,0,1637951835970,134,0.0
1637951836,1.13123,1.13125,0.0,0,1637951836221,134,0.0
1637951836,1.13121,1.13124,0.0,0,1637951836485,134,0.0
1637951837,1.1312,1.13122,0.0,0,1637951837028,134,0.0
1637951837,1.13118,1.1312,0.0,0,1637951837297,134,0.0
1637951838,1.13119,1.13122,0.0,0,1637951838893,134,0.0
1637951839,1.13118,1.1312,0.0,0,1637951839398,134,0.0
1637951841,1.13119,1.13121,0.0,0,1637951841763,134,0.0
1637951842,1.13118,1.1312,0.0,0,1637951842027,134,0.0
1637951842,1.13116,1.13118,0.0,0,1637951842290,134,0.0
1637951843,1.13116,1.13119,0.0,0,1637951843094,4,0.0
1637951843,1.13118,1.1312,0.0,0,1637951843402,134,0.0
1637951843,1.13117,1.13119,0.0,0,1637951843923,134,0.0
1637951844,1.13116,1.13118,0.0,0,1637951844178,134,0.0
1637951844,1.1311499999999999,1.13117,0.0,0,1637951844942,134,0.0
1637951845,1.13116,1.13118,0.0,0,1637951845222,134,0.0
1637951847,1.13119,1.13121,0.0,0,1637951847123,134,0.0
1637951847,1.1312,1.13122,0.0,0,1637951847381,134,0.0
1637951847,1.13119,1.13121,0.0,0,1637951847676,134,0.0
1637951848,1.13118,1.1312,0.0,0,1637951848428,134,0.0
1637951849,1.13119,1.13121,0.0,0,1637951849892,134,0.0
1637951850,1.13118,1.1312,0.0,0,1637951850783,134,0.0
1637951851,1.13116,1.13119,0.0,0,1637951851955,134,0.0
1637951852,1.13116,1.13118,0.0,0,1637951852514,4,0.0
1637951853,1.13117,1.13119,0.0,0,1637951853133,134,0.0
1637951853,1.13118,1.1312,0.0,0,1637951853423,134,0.0
1637951853,1.13117,1.13119,0.0,0,1637951853974,134,0.0
1637951854,1.13116,1.13119,0.0,0,1637951854230,130,0.0
1637951854,1.13118,1.1312,0.0,0,1637951854716,134,0.0
1637951863,1.13116,1.13118,0.0,0,1637951863745,134,0.0
1637951863,1.13118,1.1312,0.0,0,1637951863997,134,0.0
1637951866,1.13117,1.13119,0.0,0,1637951866327,134,0.0
1637951866,1.13116,1.13118,0.0,0,1637951866671,134,0.0
1637951867,1.13122,1.13124,0.0,0,1637951867150,134,0.0
1637951867,1.13124,1.13126,0.0,0,1637951867406,134,0.0
1637951870,1.13121,1.13123,0.0,0,1637951870891,134,0.0
1637951871,1.13123,1.13125,0.0,0,1637951871164,134,0.0
1637951872,1.13124,1.13126,0.0,0,1637951872333,134,0.0
1637951872,1.13123,1.13125,0.0,0,1637951872585,134,0.0
1637951873,1.13125,1.13127,0.0,0,1637951873667,134,0.0
1637951875,1.13129,1.13131,0.0,0,1637951875731,134,0.0
1637951877,1.1313,1.13132,0.0,0,1637951877414,134,0.0
1637951878,1.13127,1.13129,0.0,0,1637951878249,134,0.0
1637951878,1.13128,1.1313,0.0,0,1637951878502,134,0.0
1637951879,1.13126,1.13128,0.0,0,1637951879633,134,0.0
1637951880,1.13126,1.13128,0.0,0,1637951880164,130,0.0
1637951880,1.13119,1.13121,0.0,0,1637951880501,134,0.0
1637951881,1.13118,1.1312,0.0,0,1637951881091,134,0.0
1637951881,1.13118,1.13121,0.0,0,1637951881620,4,0.0
1637951881,1.1312,1.13122,0.0,0,1637951881932,134,0.0
1637951882,1.13121,1.13123,0.0,0,1637951882201,134,0.0
1637951883,1.1312,1.13122,0.0,0,1637951883045,134,0.0
1637951884,1.13124,1.13126,0.0,0,1637951884185,134,0.0
1637951884,1.13121,1.13123,0.0,0,1637951884437,134,0.0
1637951884,1.13121,1.13124,0.0,0,1637951884798,4,0.0
1637951885,1.13121,1.13123,0.0,0,1637951885114,4,0.0
1637951886,1.1312,1.13122,0.0,0,1637951886741,134,0.0
1637951887,1.13121,1.13123,0.0,0,1637951887849,134,0.0
1637951889,1.13122,1.13124,0.0,0,1637951889673,134,0.0
1637951889,1.13123,1.13125,0.0,0,1637951889927,134,0.0
1637951890,1.13121,1.13123,0.0,0,1637951890183,134,0.0
1637951890,1.13119,1.13121,0.0,0,1637951890437,134,0.0
1637951890,1.1312,1.13122,0.0,0,1637951890694,134,0.0
1637951890,1.13119,1.13121,0.0,0,1637951890962,134,0.0
1637951893,1.13118,1.13121,0.0,0,1637951893810,130,0.0
1637951894,1.13121,1.13123,0.0,0,1637951894671,134,0.0
1637951894,1.1312,1.13122,0.0,0,1637951894947,134,0.0
1637951896,1.13121,1.13123,0.0,0,1637951896812,134,0.0
1637951898,1.1312,1.13122,0.0,0,1637951898548,134,0.0
1637951898,1.13118,1.1312,0.0,0,1637951898832,134,0.0
1637951899,1.13118,1.13121,0.0,0,1637951899123,4,0.0
1637951900,1.1312,1.13122,0.0,0,1637951900226,134,0.0
1637951901,1.13121,1.13123,0.0,0,1637951901261,134,0.0
1637951901,1.13121,1.13124,0.0,0,1637951901816,4,0.0
1637951902,1.13122,1.13124,0.0,0,1637951902334,130,0.0
1637951903,1.13123,1.13126,0.0,0,1637951903012,134,0.0
1637951903,1.13124,1.13126,0.0,0,1637951903734,130,0.0
1637951904,1.13126,1.13128,0.0,0,1637951904520,134,0.0
1637951904,1.13127,1.13129,0.0,0,1637951904781,134,0.0
1637951905,1.13126,1.13128,0.0,0,1637951905362,134,0.0
1637951908,1.13125,1.13127,0.0,0,1637951908245,134,0.0
1637951912,1.13129,1.13131,0.0,0,1637951912020,134,0.0
1637951912,1.13129,1.13132,0.0,0,1637951912798,4,0.0
1637951913,1.13127,1.13129,0.0,0,1637951913163,134,0.0
1637951913,1.13126,1.13128,0.0,0,1637951913430,134,0.0
1637951913,1.13126,1.13129,0.0,0,1637951913698,4,0.0
1637951914,1.13126,1.13128,0.0,0,1637951914754,4,0.0
1637951915,1.13127,1.1313,0.0,0,1637951915911,134,0.0
1637951916,1.13128,1.1313,0.0,0,1637951916514,130,0.0
1637951916,1.13128,1.13131,0.0,0,1637951916787,4,0.0
1637951918,1.13127,1.13129,0.0,0,1637951918480,134,0.0
1637951921,1.13126,1.13128,0.0,0,1637951921088,134,0.0
1637951921,1.13125,1.13128,0.0,0,1637951921920,130,0.0
1637951922,1.13124,1.13126,0.0,0,1637951922176,134,0.0
1637951922,1.13123,1.13125,0.0,0,1637951922438,134,0.0
1637951923,1.13118,1.13121,0.0,0,1637951923369,134,0.0
1637951923,1.13118,1.1312,0.0,0,1637951923657,4,0.0
1637951925,1.1312,1.13122,0.0,0,1637951925701,134,0.0
1637951926,1.13121,1.13123,0.0,0,1637951926524,134,0.0
1637951926,1.13124,1.13126,0.0,0,1637951926776,134,0.0
1637951928,1.13125,1.13127,0.0,0,1637951928021,134,0.0
1637951928,1.13125,1.13128,0.0,0,1637951928816,4,0.0
1637951931,1.13126,1.13129,0.0,0,1637951931056,134,0.0
1637951931,1.13125,1.13128,0.0,0,1637951931307,134,0.0
1637951931,1.13124,1.13126,0.0,0,1637951931732,134,0.0
1637951932,1.13124,1.13127,0.0,0,1637951932003,4,0.0
1637951932,1.13124,1.13126,0.0,0,1637951932300,4,0.0
1637951932,1.13122,1.13124,0.0,0,1637951932620,134,0.0
