time,bid,ask,last,volume,time_msc,flags,volume_real
1740640364,104.004,104.042,0.0,0,1740640364021,134,0.0
1740640364,103.998,104.036,0.0,0,1740640364796,134,0.0
1740640367,104.0,104.038,0.0,0,1740640367417,134,0.0
1740640368,104.004,104.042,0.0,0,1740640368526,134,0.0
1740640369,104.003,104.041,0.0,0,1740640369605,134,0.0
1740640370,103.999,104.037,0.0,0,1740640370639,134,0.0
1740640372,104.0,104.038,0.0,0,1740640372169,134,0.0
1740640377,103.999,104.037,0.0,0,1740640377061,134,0.0
1740640378,103.995,104.033,0.0,0,1740640378062,134,0.0
1740640379,103.999,104.037,0.0,0,1740640379185,134,0.0
1740640380,104.0,104.038,0.0,0,1740640380293,134,0.0
1740640382,103.997,104.035,0.0,0,1740640382689,134,0.0
1740640384,103.993,104.031,0.0,0,1740640384923,134,0.0
1740640386,103.992,104.03,0.0,0,1740640386186,134,0.0
1740640387,103.993,104.031,0.0,0,1740640387247,134,0.0
1740640388,103.992,104.03,0.0,0,1740640388273,134,0.0
1740640389,103.993,104.031,0.0,0,1740640389297,134,0.0
1740640390,103.994,104.032,0.0,0,1740640390364,134,0.0
1740640391,103.992,104.03,0.0,0,1740640391432,134,0.0
1740640392,103.99,104.028,0.0,0,1740640392589,134,0.0
1740640397,103.993,104.031,0.0,0,1740640397106,134,0.0
1740640400,103.992,104.03,0.0,0,1740640400202,134,0.0
1740640403,103.995,104.033,0.0,0,1740640403990,134,0.0
1740640405,103.996,104.034,0.0,0,1740640405008,134,0.0
1740640407,104.001,104.039,0.0,0,1740640407182,134,0.0
1740640408,104.005,104.043,0.0,0,1740640408239,134,0.0
1740640409,104.004,104.042,0.0,0,1740640409544,134,0.0
1740640410,104.003,104.041,0.0,0,1740640410559,134,0.0
1740640411,104.002,104.04,0.0,0,1740640411746,134,0.0
1740640412,104.004,104.042,0.0,0,1740640412754,134,0.0
1740640414,104.005,104.043,0.0,0,1740640414126,134,0.0
1740640415,104.003,104.041,0.0,0,1740640415168,134,0.0
1740640417,104.002,104.04,0.0,0,1740640417294,134,0.0
1740640419,104.004,104.042,0.0,0,1740640419675,134,0.0
1740640420,104.005,104.043,0.0,0,1740640420985,134,0.0
1740640421,104.007,104.045,0.0,0,1740640421997,134,0.0
1740640423,104.008,104.046,0.0,0,1740640423583,134,0.0
1740640424,104.011,104.049,0.0,0,1740640424595,134,0.0
1740640425,104.012,104.05,0.0,0,1740640425891,134,0.0
1740640429,104.018,104.056,0.0,0,1740640429362,134,0.0
1740640430,104.021,104.059,0.0,0,1740640430376,134,0.0
1740640431,104.022,104.06,0.0,0,1740640431549,134,0.0
1740640432,104.02,104.058,0.0,0,1740640432579,134,0.0
1740640433,104.021,104.059,0.0,0,1740640433582,134,0.0
1740640435,104.022,104.06,0.0,0,1740640435004,134,0.0
1740640438,104.019,104.057,0.0,0,1740640438465,134,0.0
1740640440,104.018,104.056,0.0,0,1740640440678,134,0.0
1740640444,104.017,104.055,0.0,0,1740640444130,134,0.0
1740640445,104.018,104.056,0.0,0,1740640445204,134,0.0
1740640451,104.017,104.055,0.0,0,1740640451341,134,0.0
1740640452,104.016,104.054,0.0,0,1740640452364,134,0.0
1740640454,104.015,104.053,0.0,0,1740640454941,134,0.0
1740640455,104.014,104.052,0.0,0,1740640455965,134,0.0
1740640463,104.015,104.053,0.0,0,1740640463325,134,0.0
1740640464,104.016,104.054,0.0,0,1740640464377,134,0.0
1740640468,104.017,104.055,0.0,0,1740640468484,134,0.0
1740640469,104.015,104.053,0.0,0,1740640469763,134,0.0
1740640470,104.02,104.058,0.0,0,1740640470995,134,0.0
1740640475,104.021,104.059,0.0,0,1740640475248,134,0.0
1740640482,104.02,104.058,0.0,0,1740640482693,134,0.0
1740640485,104.017,104.055,0.0,0,1740640485184,134,0.0
1740640486,104.018,104.056,0.0,0,1740640486201,134,0.0
1740640487,104.022,104.06,0.0,0,1740640487338,134,0.0
1740640488,104.023,104.061,0.0,0,1740640488366,134,0.0
1740640489,104.017,104.055,0.0,0,1740640489458,134,0.0
1740640490,104.014,104.052,0.0,0,1740640490464,134,0.0
1740640491,104.02,104.058,0.0,0,1740640491888,134,0.0
1740640492,104.023,104.061,0.0,0,1740640492973,134,0.0
1740640494,104.022,104.06,0.0,0,1740640494224,134,0.0
1740640495,104.023,104.061,0.0,0,1740640495329,134,0.0
1740640497,104.025,104.063,0.0,0,1740640497098,134,0.0
1740640501,104.027,104.065,0.0,0,1740640501660,134,0.0
1740640503,104.028,104.066,0.0,0,1740640503116,134,0.0
1740640505,104.031,104.069,0.0,0,1740640505815,134,0.0
1740640506,104.037,104.075,0.0,0,1740640506787,134,0.0
1740640510,104.04,104.078,0.0,0,1740640510378,134,0.0
1740640514,104.041,104.079,0.0,0,1740640514992,134,0.0
1740640517,104.039,104.077,0.0,0,1740640517642,134,0.0
1740640520,104.034,104.072,0.0,0,1740640520100,134,0.0
1740640521,104.036,104.074,0.0,0,1740640521155,134,0.0
1740640522,104.035,104.073,0.0,0,1740640522180,134,0.0
1740640523,104.034,104.072,0.0,0,1740640523236,134,0.0
1740640524,104.033,104.071,0.0,0,1740640524602,134,0.0
1740640525,104.034,104.072,0.0,0,1740640525614,134,0.0
1740640528,104.033,104.071,0.0,0,1740640528255,134,0.0
1740640530,104.032,104.07,0.0,0,1740640530998,134,0.0
1740640538,104.033,104.071,0.0,0,1740640538070,134,0.0
1740640539,104.032,104.07,0.0,0,1740640539143,134,0.0
1740640541,104.033,104.071,0.0,0,1740640541470,134,0.0
1740640542,104.03,104.068,0.0,0,1740640542533,134,0.0
1740640543,104.031,104.069,0.0,0,1740640543724,134,0.0
1740640544,104.032,104.07,0.0,0,1740640544729,134,0.0
1740640545,104.034,104.072,0.0,0,1740640545765,134,0.0
1740640549,104.033,104.071,0.0,0,1740640549906,134,0.0
1740640555,104.027,104.065,0.0,0,1740640555341,134,0.0
1740640556,104.026,104.064,0.0,0,1740640556520,134,0.0
1740640558,104.022,104.06,0.0,0,1740640558927,134,0.0
1740640559,104.021,104.059,0.0,0,1740640559946,134,0.0
1740640561,104.023,104.061,0.0,0,1740640561071,134,0.0
1740640562,104.025,104.063,0.0,0,1740640562213,134,0.0
1740640565,104.02,104.058,0.0,0,1740640565991,134,0.0
1740640566,104.015,104.053,0.0,0,1740640566480,134,0.0
1740640567,104.013,104.051,0.0,0,1740640567731,134,0.0
1740640568,104.016,104.054,0.0,0,1740640568777,134,0.0
1740640569,104.017,104.055,0.0,0,1740640569877,134,0.0
1740640572,104.015,104.053,0.0,0,1740640572126,134,0.0
1740640572,104.021,104.059,0.0,0,1740640572510,134,0.0
1740640573,104.022,104.06,0.0,0,1740640573513,134,0.0
1740640574,104.018,104.056,0.0,0,1740640574794,134,0.0
1740640579,104.019,104.057,0.0,0,1740640579954,134,0.0
1740640582,104.018,104.056,0.0,0,1740640582826,134,0.0
1740640583,104.017,104.055,0.0,0,1740640583883,134,0.0
1740640586,104.016,104.054,0.0,0,1740640586318,134,0.0
1740640587,104.017,104.055,0.0,0,1740640587327,134,0.0
1740640588,104.022,104.06,0.0,0,1740640588574,134,0.0
1740640589,104.021,104.059,0.0,0,1740640589938,134,0.0
1740640590,104.023,104.061,0.0,0,1740640590939,134,0.0
1740640592,104.019,104.057,0.0,0,1740640592145,134,0.0
1740640594,104.021,104.059,0.0,0,1740640594173,134,0.0
1740640595,104.022,104.06,0.0,0,1740640595884,134,0.0
1740640596,104.023,104.061,0.0,0,1740640596942,134,0.0
1740640599,104.024,104.062,0.0,0,1740640599111,134,0.0
1740640603,104.026,104.064,0.0,0,1740640603329,134,0.0
1740640608,104.027,104.065,0.0,0,1740640608114,134,0.0
1740640610,104.026,104.064,0.0,0,1740640610667,134,0.0
1740640614,104.032,104.07,0.0,0,1740640614466,134,0.0
1740640615,104.033,104.071,0.0,0,1740640615599,134,0.0
1740640617,104.034,104.072,0.0,0,1740640617746,134,0.0
1740640619,104.032,104.07,0.0,0,1740640619993,134,0.0
1740640621,104.031,104.069,0.0,0,1740640621119,134,0.0
1740640622,104.028,104.066,0.0,0,1740640622294,134,0.0
1740640623,104.027,104.065,0.0,0,1740640623322,134,0.0
1740640624,104.024,104.062,0.0,0,1740640624400,134,0.0
1740640626,104.023,104.061,0.0,0,1740640626590,134,0.0
1740640627,104.024,104.062,0.0,0,1740640627603,134,0.0
1740640628,104.026,104.064,0.0,0,1740640628664,134,0.0
1740640629,104.024,104.062,0.0,0,1740640629953,134,0.0
1740640631,104.025,104.063,0.0,0,1740640631072,134,0.0
1740640633,104.024,104.062,0.0,0,1740640633318,134,0.0
1740640634,104.022,104.06,0.0,0,1740640634784,134,0.0
1740640636,104.02,104.058,0.0,0,1740640636965,134,0.0
1740640639,104.017,104.055,0.0,0,1740640639365,134,0.0
1740640642,104.016,104.054,0.0,0,1740640642423,134,0.0
1740640644,104.018,104.056,0.0,0,1740640644993,134,0.0
1740640649,104.023,104.061,0.0,0,1740640649289,134,0.0
1740640650,104.024,104.062,0.0,0,1740640650742,134,0.0
1740640654,104.023,104.061,0.0,0,1740640654141,134,0.0
1740640658,104.024,104.062,0.0,0,1740640658174,134,0.0
1740640659,104.023,104.061,0.0,0,1740640659208,134,0.0
1740640662,104.022,104.06,0.0,0,1740640662235,134,0.0
1740640664,104.023,104.061,0.0,0,1740640664261,134,0.0
1740640672,104.022,104.06,0.0,0,1740640672793,134,0.0
1740640676,104.024,104.062,0.0,0,1740640676696,134,0.0
1740640681,104.025,104.063,0.0,0,1740640681302,134,0.0
1740640681,104.031,104.069,0.0,0,1740640681490,134,0.0
1740640681,104.037,104.075,0.0,0,1740640681530,134,0.0
1740640682,104.042,104.08,0.0,0,1740640682539,134,0.0
1740640682,104.035,104.073,0.0,0,1740640682664,134,0.0
1740640683,104.03,104.068,0.0,0,1740640683755,134,0.0
1740640683,104.024,104.062,0.0,0,1740640683865,134,0.0
1740640685,104.023,104.061,0.0,0,1740640685168,134,0.0
1740640689,104.022,104.06,0.0,0,1740640689840,134,0.0
1740640690,104.023,104.061,0.0,0,1740640690861,134,0.0
1740640693,104.024,104.062,0.0,0,1740640693045,134,0.0
1740640698,104.025,104.063,0.0,0,1740640698520,134,0.0
1740640703,104.023,104.061,0.0,0,1740640703008,134,0.0
1740640704,104.024,104.062,0.0,0,1740640704362,134,0.0
1740640705,104.02,104.058,0.0,0,1740640705521,134,0.0
1740640707,104.019,104.057,0.0,0,1740640707163,134,0.0
1740640708,104.017,104.055,0.0,0,1740640708183,134,0.0
1740640710,104.018,104.056,0.0,0,1740640710306,134,0.0
1740640714,104.019,104.057,0.0,0,1740640714329,134,0.0
1740640717,104.018,104.056,0.0,0,1740640717753,134,0.0
1740640719,104.017,104.055,0.0,0,1740640719209,134,0.0
1740640720,104.018,104.056,0.0,0,1740640720366,134,0.0
1740640723,104.019,104.057,0.0,0,1740640723267,134,0.0
1740640725,104.02,104.058,0.0,0,1740640725053,134,0.0
1740640726,104.019,104.057,0.0,0,1740640726302,134,0.0
1740640727,104.017,104.055,0.0,0,1740640727642,134,0.0
1740640730,104.015,104.053,0.0,0,1740640730226,134,0.0
1740640732,104.017,104.055,0.0,0,1740640732973,134,0.0
1740640737,104.023,104.061,0.0,0,1740640737072,134,0.0
1740640738,104.026,104.064,0.0,0,1740640738087,134,0.0
1740640740,104.026,104.064,0.0,0,1740640740354,130,0.0
1740640741,104.032,104.07,0.0,0,1740640741324,134,0.0
1740640742,104.033,104.071,0.0,0,1740640742324,134,0.0
1740640743,104.038,104.076,0.0,0,1740640743348,134,0.0
1740640744,104.044,104.082,0.0,0,1740640744556,134,0.0
1740640751,104.045,104.083,0.0,0,1740640751565,134,0.0
1740640752,104.046,104.084,0.0,0,1740640752815,134,0.0
1740640754,104.047,104.085,0.0,0,1740640754213,134,0.0
1740640756,104.052,104.09,0.0,0,1740640756406,134,0.0
1740640757,104.055,104.093,0.0,0,1740640757485,134,0.0
1740640758,104.056,104.094,0.0,0,1740640758844,134,0.0
1740640761,104.06,104.098,0.0,0,1740640761044,134,0.0
1740640762,104.061,104.099,0.0,0,1740640762163,134,0.0
1740640763,104.064,104.102,0.0,0,1740640763175,134,0.0
1740640764,104.065,104.103,0.0,0,1740640764223,134,0.0
1740640766,104.061,104.099,0.0,0,1740640766673,134,0.0
1740640767,104.064,104.102,0.0,0,1740640767876,134,0.0
1740640769,104.062,104.1,0.0,0,1740640769042,134,0.0
1740640775,104.06,104.098,0.0,0,1740640775230,134,0.0
1740640776,104.058,104.096,0.0,0,1740640776302,134,0.0
1740640779,104.064,104.102,0.0,0,1740640779329,134,0.0
1740640780,104.063,104.101,0.0,0,1740640780511,134,0.0
1740640787,104.065,104.103,0.0,0,1740640787026,134,0.0
1740640793,104.064,104.102,0.0,0,1740640793076,134,0.0
1740640795,104.063,104.101,0.0,0,1740640795241,134,0.0
1740640798,104.065,104.103,0.0,0,1740640798373,134,0.0
1740640799,104.061,104.099,0.0,0,1740640799719,134,0.0
1740640800,104.065,104.103,0.0,0,1740640800770,134,0.0
1740640809,104.064,104.102,0.0,0,1740640809970,134,0.0
1740640811,104.062,104.1,0.0,0,1740640811323,134,0.0
1740640813,104.068,104.106,0.0,0,1740640813585,134,0.0
1740640814,104.069,104.107,0.0,0,1740640814587,134,0.0
1740640820,104.071,104.109,0.0,0,1740640820225,134,0.0
1740640821,104.07,104.108,0.0,0,1740640821261,134,0.0
1740640825,104.071,104.109,0.0,0,1740640825784,134,0.0
1740640830,104.07,104.108,0.0,0,1740640830314,134,0.0
1740640834,104.075,104.113,0.0,0,1740640834719,134,0.0
1740640842,104.081,104.119,0.0,0,1740640842122,134,0.0
1740640844,104.08,104.118,0.0,0,1740640844410,134,0.0
1740640845,104.074,104.112,0.0,0,1740640845385,134,0.0
1740640846,104.073,104.111,0.0,0,1740640846511,134,0.0
1740640847,104.071,104.109,0.0,0,1740640847513,134,0.0
1740640851,104.072,104.11,0.0,0,1740640851114,134,0.0
1740640854,104.073,104.111,0.0,0,1740640854812,134,0.0
1740640856,104.072,104.11,0.0,0,1740640856875,134,0.0
1740640857,104.071,104.109,0.0,0,1740640857931,134,0.0
1740640860,104.071,104.109,0.0,0,1740640860313,130,0.0
1740640861,104.072,104.11,0.0,0,1740640861485,134,0.0
1740640862,104.074,104.112,0.0,0,1740640862485,134,0.0
1740640863,104.072,104.11,0.0,0,1740640863892,134,0.0
1740640866,104.066,104.104,0.0,0,1740640866622,134,0.0
1740640870,104.064,104.102,0.0,0,1740640870105,134,0.0
1740640871,104.062,104.1,0.0,0,1740640871790,134,0.0
1740640872,104.061,104.099,0.0,0,1740640872894,134,0.0
1740640874,104.06,104.098,0.0,0,1740640874007,134,0.0
1740640879,104.061,104.099,0.0,0,1740640879677,134,0.0
1740640880,104.062,104.1,0.0,0,1740640880883,134,0.0
1740640882,104.063,104.101,0.0,0,1740640882502,134,0.0
1740640885,104.065,104.103,0.0,0,1740640885169,134,0.0
1740640885,104.071,104.109,0.0,0,1740640885215,134,0.0
1740640885,104.077,104.115,0.0,0,1740640885542,134,0.0
1740640887,104.076,104.114,0.0,0,1740640887656,134,0.0
1740640891,104.078,104.116,0.0,0,1740640891553,134,0.0
1740640902,104.077,104.115,0.0,0,1740640902290,134,0.0
1740640905,104.078,104.116,0.0,0,1740640905289,134,0.0
1740640907,104.075,104.113,0.0,0,1740640907388,134,0.0
1740640908,104.074,104.112,0.0,0,1740640908863,134,0.0
1740640910,104.073,104.111,0.0,0,1740640910146,134,0.0
1740640911,104.078,104.116,0.0,0,1740640911311,134,0.0
1740640912,104.073,104.111,0.0,0,1740640912405,134,0.0
1740640916,104.076,104.114,0.0,0,1740640916004,134,0.0
1740640917,104.078,104.116,0.0,0,1740640917052,134,0.0
1740640918,104.08,104.118,0.0,0,1740640918252,134,0.0
1740640920,104.081,104.119,0.0,0,1740640920307,134,0.0
1740640921,104.085,104.123,0.0,0,1740640921381,134,0.0
1740640922,104.086,104.124,0.0,0,1740640922704,134,0.0
1740640924,104.084,104.122,0.0,0,1740640924169,134,0.0
1740640925,104.078,104.116,0.0,0,1740640925242,134,0.0
1740640926,104.076,104.114,0.0,0,1740640926445,134,0.0
1740640927,104.077,104.115,0.0,0,1740640927515,134,0.0
1740640929,104.076,104.114,0.0,0,1740640929584,134,0.0
1740640937,104.075,104.113,0.0,0,1740640937234,134,0.0
1740640942,104.076,104.114,0.0,0,1740640942031,134,0.0
1740640943,104.078,104.116,0.0,0,1740640943091,134,0.0
1740640945,104.079,104.117,0.0,0,1740640945855,134,0.0
1740640946,104.083,104.121,0.0,0,1740640946870,134,0.0
1740640948,104.084,104.122,0.0,0,1740640948863,134,0.0
1740640952,104.089,104.127,0.0,0,1740640952352,134,0.0
1740640953,104.094,104.132,0.0,0,1740640953463,134,0.0
1740640954,104.095,104.133,0.0,0,1740640954468,134,0.0
1740640956,104.094,104.132,0.0,0,1740640956180,134,0.0
1740640958,104.093,104.131,0.0,0,1740640958657,134,0.0
1740640959,104.089,104.127,0.0,0,1740640959732,134,0.0
1740640962,104.088,104.126,0.0,0,1740640962110,134,0.0
1740640963,104.093,104.131,0.0,0,1740640963174,134,0.0
1740640965,104.092,104.13,0.0,0,1740640965509,134,0.0
1740640968,104.086,104.124,0.0,0,1740640968389,134,0.0
1740640969,104.089,104.127,0.0,0,1740640969395,134,0.0
1740640971,104.087,104.125,0.0,0,1740640971741,134,0.0
1740640972,104.088,104.126,0.0,0,1740640972764,134,0.0
1740640974,104.087,104.125,0.0,0,1740640974391,134,0.0
1740640975,104.086,104.124,0.0,0,1740640975825,134,0.0
1740640979,104.085,104.123,0.0,0,1740640979424,134,0.0
1740640980,104.085,104.123,0.0,0,1740640980501,130,0.0
1740640981,104.086,104.124,0.0,0,1740640981502,134,0.0
1740640982,104.085,104.123,0.0,0,1740640982795,134,0.0
1740640986,104.086,104.124,0.0,0,1740640986188,134,0.0
1740640987,104.087,104.125,0.0,0,1740640987503,134,0.0
1740640987,104.081,104.119,0.0,0,1740640987638,134,0.0
1740640988,104.087,104.125,0.0,0,1740640988386,134,0.0
1740640989,104.088,104.126,0.0,0,1740640989820,134,0.0
1740640990,104.087,104.125,0.0,0,1740640990820,134,0.0
1740640994,104.086,104.124,0.0,0,1740640994523,134,0.0
1740640996,104.084,104.122,0.0,0,1740640996726,134,0.0
1740640997,104.078,104.116,0.0,0,1740640997526,134,0.0
1740640998,104.077,104.115,0.0,0,1740640998647,134,0.0
1740641000,104.078,104.116,0.0,0,1740641000922,134,0.0
1740641002,104.084,104.122,0.0,0,1740641002990,134,0.0
1740641004,104.087,104.125,0.0,0,1740641004019,134,0.0
1740641005,104.085,104.123,0.0,0,1740641005599,134,0.0
1740641017,104.087,104.125,0.0,0,1740641017363,134,0.0
1740641018,104.084,104.122,0.0,0,1740641018471,134,0.0
1740641020,104.085,104.123,0.0,0,1740641020401,134,0.0
1740641021,104.086,104.124,0.0,0,1740641021452,134,0.0
1740641022,104.087,104.125,0.0,0,1740641022577,134,0.0
1740641026,104.083,104.121,0.0,0,1740641026663,134,0.0
1740641027,104.079,104.117,0.0,0,1740641027763,134,0.0
1740641030,104.078,104.116,0.0,0,1740641030363,134,0.0
1740641032,104.077,104.115,0.0,0,1740641032519,134,0.0
1740641033,104.078,104.116,0.0,0,1740641033616,134,0.0
1740641038,104.079,104.117,0.0,0,1740641038974,134,0.0
1740641040,104.08,104.118,0.0,0,1740641040390,134,0.0
1740641041,104.082,104.12,0.0,0,1740641041485,134,0.0
1740641042,104.076,104.114,0.0,0,1740641042069,134,0.0
1740641043,104.074,104.112,0.0,0,1740641043540,134,0.0
1740641044,104.075,104.113,0.0,0,1740641044707,134,0.0
1740641045,104.074,104.112,0.0,0,1740641045939,134,0.0
1740641048,104.075,104.113,0.0,0,1740641048347,134,0.0
1740641049,104.08,104.118,0.0,0,1740641049352,134,0.0
1740641050,104.083,104.121,0.0,0,1740641050431,134,0.0
1740641051,104.085,104.123,0.0,0,1740641051516,134,0.0
1740641052,104.088,104.126,0.0,0,1740641052614,134,0.0
1740641054,104.085,104.123,0.0,0,1740641054192,134,0.0
1740641055,104.084,104.122,0.0,0,1740641055436,134,0.0
1740641057,104.081,104.119,0.0,0,1740641057233,134,0.0
1740641058,104.076,104.114,0.0,0,1740641058392,134,0.0
1740641059,104.07,104.108,0.0,0,1740641059742,134,0.0
1740641060,104.071,104.109,0.0,0,1740641060803,134,0.0
1740641061,104.072,104.11,0.0,0,1740641061818,134,0.0
1740641064,104.073,104.111,0.0,0,1740641064766,134,0.0
1740641065,104.076,104.114,0.0,0,1740641065813,134,0.0
1740641066,104.075,104.113,0.0,0,1740641066815,134,0.0
1740641068,104.074,104.112,0.0,0,1740641068669,134,0.0
1740641071,104.075,104.113,0.0,0,1740641071597,134,0.0
1740641072,104.076,104.114,0.0,0,1740641072606,134,0.0
1740641074,104.074,104.112,0.0,0,1740641074745,134,0.0
1740641076,104.08,104.118,0.0,0,1740641076345,134,0.0
1740641077,104.081,104.119,0.0,0,1740641077545,134,0.0
1740641080,104.08,104.118,0.0,0,1740641080549,134,0.0
1740641081,104.078,104.116,0.0,0,1740641081681,134,0.0
1740641084,104.072,104.11,0.0,0,1740641084723,134,0.0
1740641085,104.078,104.116,0.0,0,1740641085707,134,0.0
1740641087,104.084,104.122,0.0,0,1740641087907,134,0.0
1740641091,104.088,104.126,0.0,0,1740641091776,134,0.0
1740641092,104.087,104.125,0.0,0,1740641092824,134,0.0
1740641095,104.084,104.122,0.0,0,1740641095192,134,0.0
1740641096,104.085,104.123,0.0,0,1740641096307,134,0.0
1740641097,104.086,104.124,0.0,0,1740641097977,134,0.0
1740641098,104.091,104.129,0.0,0,1740641098198,134,0.0
1740641099,104.093,104.131,0.0,0,1740641099272,134,0.0
1740641100,104.092,104.13,0.0,0,1740641100398,134,0.0
1740641101,104.093,104.131,0.0,0,1740641101651,134,0.0
1740641102,104.094,104.132,0.0,0,1740641102693,134,0.0
1740641103,104.093,104.131,0.0,0,1740641103891,134,0.0
1740641108,104.098,104.136,0.0,0,1740641108903,134,0.0
1740641109,104.1,104.138,0.0,0,1740641109934,134,0.0
1740641113,104.101,104.139,0.0,0,1740641113835,134,0.0
1740641118,104.1,104.138,0.0,0,1740641118921,134,0.0
1740641119,104.101,104.139,0.0,0,1740641119989,134,0.0
1740641122,104.105,104.143,0.0,0,1740641122040,134,0.0
1740641123,104.106,104.144,0.0,0,1740641123077,134,0.0
1740641124,104.109,104.147,0.0,0,1740641124193,134,0.0
1740641125,104.11,104.148,0.0,0,1740641125645,134,0.0
1740641126,104.111,104.149,0.0,0,1740641126667,134,0.0
1740641128,104.112,104.15,0.0,0,1740641128156,134,0.0
1740641129,104.116,104.154,0.0,0,1740641129634,134,0.0
1740641131,104.119,104.157,0.0,0,1740641131800,134,0.0
1740641133,104.117,104.155,0.0,0,1740641133012,134,0.0
1740641144,104.116,104.154,0.0,0,1740641144329,134,0.0
1740641145,104.113,104.151,0.0,0,1740641145343,134,0.0
1740641146,104.111,104.149,0.0,0,1740641146813,134,0.0
1740641152,104.104,104.142,0.0,0,1740641152419,134,0.0
1740641152,104.098,104.136,0.0,0,1740641152829,134,0.0
1740641153,104.096,104.134,0.0,0,1740641153904,134,0.0
1740641156,104.098,104.136,0.0,0,1740641156448,134,0.0
1740641157,104.099,104.137,0.0,0,1740641157583,134,0.0
1740641160,104.098,104.136,0.0,0,1740641160602,134,0.0
1740641161,104.1,104.138,0.0,0,1740641161605,134,0.0
1740641162,104.101,104.139,0.0,0,1740641162864,134,0.0
1740641164,104.1,104.138,0.0,0,1740641164138,134,0.0
1740641165,104.107,104.145,0.0,0,1740641165138,134,0.0
1740641166,104.108,104.146,0.0,0,1740641166141,134,0.0
1740641167,104.105,104.143,0.0,0,1740641167413,134,0.0
1740641169,104.106,104.144,0.0,0,1740641169098,134,0.0
1740641170,104.107,104.145,0.0,0,1740641170588,134,0.0
1740641171,104.108,104.146,0.0,0,1740641171614,134,0.0
1740641173,104.105,104.143,0.0,0,1740641173294,134,0.0
1740641174,104.104,104.142,0.0,0,1740641174351,134,0.0
1740641178,104.102,104.14,0.0,0,1740641178864,134,0.0
1740641180,104.103,104.141,0.0,0,1740641180322,134,0.0
1740641181,104.104,104.142,0.0,0,1740641181564,134,0.0
1740641184,104.098,104.136,0.0,0,1740641184088,134,0.0
1740641185,104.099,104.137,0.0,0,1740641185596,134,0.0
1740641191,104.1,104.138,0.0,0,1740641191696,134,0.0
1740641196,104.101,104.139,0.0,0,1740641196178,134,0.0
1740641197,104.1,104.138,0.0,0,1740641197209,134,0.0
1740641199,104.099,104.137,0.0,0,1740641199380,134,0.0
1740641207,104.101,104.139,0.0,0,1740641207182,134,0.0
1740641213,104.1,104.138,0.0,0,1740641213583,134,0.0
1740641221,104.099,104.137,0.0,0,1740641221415,134,0.0
1740641224,104.098,104.136,0.0,0,1740641224448,134,0.0
1740641225,104.097,104.135,0.0,0,1740641225460,134,0.0
1740641226,104.098,104.136,0.0,0,1740641226571,134,0.0
1740641228,104.099,104.137,0.0,0,1740641228624,134,0.0
1740641232,104.101,104.139,0.0,0,1740641232626,134,0.0
1740641233,104.1,104.138,0.0,0,1740641233899,134,0.0
1740641235,104.106,104.144,0.0,0,1740641235542,134,0.0
1740641236,104.1,104.138,0.0,0,1740641236128,134,0.0
1740641236,104.094,104.132,0.0,0,1740641236645,134,0.0
1740641238,104.092,104.13,0.0,0,1740641238163,134,0.0
1740641239,104.093,104.131,0.0,0,1740641239243,134,0.0
1740641239,104.087,104.125,0.0,0,1740641239848,134,0.0
1740641240,104.085,104.123,0.0,0,1740641240974,134,0.0
1740641243,104.084,104.122,0.0,0,1740641243597,134,0.0
1740641244,104.086,104.124,0.0,0,1740641244663,134,0.0
1740641252,104.085,104.123,0.0,0,1740641252055,134,0.0
1740641253,104.088,104.126,0.0,0,1740641253239,134,0.0
1740641254,104.085,104.123,0.0,0,1740641254617,134,0.0
1740641260,104.091,104.129,0.0,0,1740641260017,134,0.0
1740641261,104.093,104.131,0.0,0,1740641261085,134,0.0
1740641262,104.094,104.132,0.0,0,1740641262376,134,0.0
1740641263,104.097,104.135,0.0,0,1740641263388,134,0.0
1740641264,104.098,104.136,0.0,0,1740641264659,134,0.0
1740641266,104.099,104.137,0.0,0,1740641266782,134,0.0
1740641269,104.098,104.136,0.0,0,1740641269917,134,0.0
1740641272,104.099,104.137,0.0,0,1740641272977,134,0.0
1740641273,104.093,104.131,0.0,0,1740641273924,134,0.0
1740641275,104.092,104.13,0.0,0,1740641275557,134,0.0
1740641276,104.091,104.129,0.0,0,1740641276746,134,0.0
1740641280,104.092,104.13,0.0,0,1740641280441,134,0.0
1740641285,104.091,104.129,0.0,0,1740641285144,134,0.0
1740641286,104.092,104.13,0.0,0,1740641286190,134,0.0
1740641287,104.086,104.124,0.0,0,1740641287174,134,0.0
1740641288,104.085,104.123,0.0,0,1740641288560,134,0.0
1740641291,104.086,104.124,0.0,0,1740641291485,134,0.0
1740641292,104.087,104.125,0.0,0,1740641292878,134,0.0
1740641294,104.09,104.128,0.0,0,1740641294493,134,0.0
1740641295,104.087,104.125,0.0,0,1740641295500,134,0.0
1740641296,104.086,104.124,0.0,0,1740641296575,134,0.0
1740641297,104.088,104.126,0.0,0,1740641297911,134,0.0
1740641299,104.087,104.125,0.0,0,1740641299113,134,0.0
1740641304,104.092,104.13,0.0,0,1740641304766,134,0.0
1740641305,104.091,104.129,0.0,0,1740641305860,134,0.0
1740641307,104.09,104.128,0.0,0,1740641307112,134,0.0
1740641309,104.089,104.127,0.0,0,1740641309184,134,0.0
1740641312,104.09,104.128,0.0,0,1740641312491,134,0.0
1740641314,104.091,104.129,0.0,0,1740641314868,134,0.0
1740641315,104.09,104.128,0.0,0,1740641315912,134,0.0
1740641317,104.089,104.127,0.0,0,1740641317869,134,0.0
1740641319,104.088,104.126,0.0,0,1740641319121,134,0.0
1740641320,104.087,104.125,0.0,0,1740641320997,134,0.0
1740641324,104.081,104.119,0.0,0,1740641324142,134,0.0
1740641326,104.082,104.12,0.0,0,1740641326367,134,0.0
1740641327,104.083,104.121,0.0,0,1740641327820,134,0.0
1740641340,104.083,104.121,0.0,0,1740641340438,130,0.0
1740641346,104.085,104.123,0.0,0,1740641346515,134,0.0
1740641352,104.08,104.118,0.0,0,1740641352312,134,0.0
1740641352,104.073,104.111,0.0,0,1740641352688,134,0.0
1740641353,104.072,104.11,0.0,0,1740641353690,134,0.0
1740641356,104.074,104.112,0.0,0,1740641356074,134,0.0
1740641357,104.075,104.113,0.0,0,1740641357198,134,0.0
1740641359,104.072,104.11,0.0,0,1740641359529,134,0.0
1740641362,104.066,104.104,0.0,0,1740641362221,134,0.0
1740641364,104.065,104.103,0.0,0,1740641364438,134,0.0
1740641369,104.067,104.105,0.0,0,1740641369124,134,0.0
1740641370,104.069,104.107,0.0,0,1740641370184,134,0.0
1740641372,104.065,104.103,0.0,0,1740641372584,134,0.0
1740641374,104.063,104.101,0.0,0,1740641374312,134,0.0
1740641375,104.064,104.102,0.0,0,1740641375573,134,0.0
1740641376,104.065,104.103,0.0,0,1740641376670,134,0.0
1740641377,104.063,104.101,0.0,0,1740641377825,134,0.0
1740641380,104.059,104.097,0.0,0,1740641380324,134,0.0
1740641381,104.06,104.098,0.0,0,1740641381328,134,0.0
1740641383,104.063,104.101,0.0,0,1740641383439,134,0.0
1740641385,104.064,104.102,0.0,0,1740641385469,134,0.0
1740641386,104.06,104.098,0.0,0,1740641386656,134,0.0
1740641388,104.059,104.097,0.0,0,1740641388525,134,0.0
1740641390,104.058,104.096,0.0,0,1740641390631,134,0.0
1740641393,104.056,104.094,0.0,0,1740641393209,134,0.0
1740641395,104.058,104.096,0.0,0,1740641395478,134,0.0
1740641400,104.058,104.096,0.0,0,1740641400282,130,0.0
1740641400,104.053,104.091,0.0,0,1740641400936,134,0.0
1740641401,104.052,104.09,0.0,0,1740641401944,134,0.0
1740641402,104.053,104.091,0.0,0,1740641402994,134,0.0
1740641405,104.051,104.089,0.0,0,1740641405114,134,0.0
1740641406,104.057,104.095,0.0,0,1740641406485,134,0.0
1740641407,104.063,104.101,0.0,0,1740641407109,134,0.0
1740641408,104.067,104.105,0.0,0,1740641408134,134,0.0
1740641409,104.066,104.104,0.0,0,1740641409626,134,0.0
1740641412,104.065,104.103,0.0,0,1740641412219,134,0.0
1740641413,104.066,104.104,0.0,0,1740641413264,134,0.0
1740641414,104.062,104.1,0.0,0,1740641414510,134,0.0
1740641416,104.061,104.099,0.0,0,1740641416120,134,0.0
1740641418,104.062,104.1,0.0,0,1740641418467,134,0.0
1740641420,104.055,104.093,0.0,0,1740641420471,134,0.0
1740641421,104.054,104.092,0.0,0,1740641421510,134,0.0
1740641427,104.055,104.093,0.0,0,1740641427233,134,0.0
1740641429,104.053,104.091,0.0,0,1740641429538,134,0.0
1740641432,104.054,104.092,0.0,0,1740641432036,134,0.0
1740641432,104.06,104.098,0.0,0,1740641432362,134,0.0
1740641433,104.065,104.103,0.0,0,1740641433324,134,0.0
1740641433,104.071,104.109,0.0,0,1740641433809,134,0.0
1740641434,104.07,104.108,0.0,0,1740641434813,134,0.0
1740641436,104.069,104.107,0.0,0,1740641436363,134,0.0
1740641439,104.065,104.103,0.0,0,1740641439923,134,0.0
1740641442,104.064,104.102,0.0,0,1740641442187,134,0.0
1740641443,104.06,104.098,0.0,0,1740641443203,134,0.0
1740641445,104.058,104.096,0.0,0,1740641445034,134,0.0
1740641447,104.057,104.095,0.0,0,1740641447248,134,0.0
1740641449,104.056,104.094,0.0,0,1740641449353,134,0.0
1740641450,104.057,104.095,0.0,0,1740641450415,134,0.0
1740641451,104.06,104.098,0.0,0,1740641451822,134,0.0
1740641457,104.066,104.104,0.0,0,1740641457558,134,0.0
1740641458,104.068,104.106,0.0,0,1740641458609,134,0.0
1740641461,104.067,104.105,0.0,0,1740641461073,134,0.0
1740641462,104.069,104.107,0.0,0,1740641462112,134,0.0
1740641464,104.068,104.106,0.0,0,1740641464499,134,0.0
1740641467,104.066,104.104,0.0,0,1740641467679,134,0.0
1740641468,104.065,104.103,0.0,0,1740641468695,134,0.0
1740641469,104.066,104.104,0.0,0,1740641469928,134,0.0
1740641471,104.065,104.103,0.0,0,1740641471443,134,0.0
1740641472,104.064,104.102,0.0,0,1740641472532,134,0.0
1740641478,104.065,104.103,0.0,0,1740641478096,134,0.0
1740641479,104.066,104.104,0.0,0,1740641479106,134,0.0
1740641481,104.07,104.108,0.0,0,1740641481170,134,0.0
1740641482,104.071,104.109,0.0,0,1740641482226,134,0.0
1740641483,104.072,104.11,0.0,0,1740641483594,134,0.0
1740641484,104.075,104.113,0.0,0,1740641484732,134,0.0
1740641487,104.074,104.112,0.0,0,1740641487112,134,0.0
1740641488,104.073,104.111,0.0,0,1740641488953,134,0.0
1740641494,104.074,104.112,0.0,0,1740641494138,134,0.0
1740641495,104.075,104.113,0.0,0,1740641495159,134,0.0
1740641496,104.076,104.114,0.0,0,1740641496182,134,0.0
1740641498,104.079,104.117,0.0,0,1740641498483,134,0.0
1740641499,104.083,104.121,0.0,0,1740641499789,134,0.0
1740641501,104.084,104.122,0.0,0,1740641501134,134,0.0
1740641502,104.088,104.126,0.0,0,1740641502324,134,0.0
1740641508,104.087,104.125,0.0,0,1740641508026,134,0.0
1740641510,104.088,104.126,0.0,0,1740641510120,134,0.0
1740641511,104.089,104.127,0.0,0,1740641511327,134,0.0
1740641512,104.087,104.125,0.0,0,1740641512331,134,0.0
1740641514,104.088,104.126,0.0,0,1740641514658,134,0.0
1740641517,104.089,104.127,0.0,0,1740641517358,134,0.0
1740641520,104.089,104.127,0.0,0,1740641520580,130,0.0
1740641522,104.091,104.129,0.0,0,1740641522053,134,0.0
1740641525,104.09,104.128,0.0,0,1740641525302,134,0.0
1740641528,104.093,104.131,0.0,0,1740641528252,134,0.0
1740641531,104.087,104.125,0.0,0,1740641531333,134,0.0
1740641535,104.085,104.123,0.0,0,1740641535067,134,0.0
1740641536,104.087,104.125,0.0,0,1740641536070,134,0.0
1740641537,104.081,104.119,0.0,0,1740641537603,134,0.0
1740641538,104.083,104.121,0.0,0,1740641538628,134,0.0
1740641539,104.085,104.123,0.0,0,1740641539637,134,0.0
1740641541,104.079,104.117,0.0,0,1740641541019,134,0.0
1740641542,104.082,104.12,0.0,0,1740641542151,134,0.0
1740641542,104.076,104.114,0.0,0,1740641542644,134,0.0
1740641544,104.074,104.112,0.0,0,1740641544113,134,0.0
1740641545,104.07,104.108,0.0,0,1740641545164,134,0.0
1740641548,104.071,104.109,0.0,0,1740641548634,134,0.0
1740641549,104.069,104.107,0.0,0,1740641549767,134,0.0
1740641551,104.068,104.106,0.0,0,1740641551986,134,0.0
1740641552,104.074,104.112,0.0,0,1740641552088,134,0.0
1740641553,104.076,104.114,0.0,0,1740641553198,134,0.0
1740641557,104.075,104.113,0.0,0,1740641557332,134,0.0
1740641559,104.071,104.109,0.0,0,1740641559475,134,0.0
1740641560,104.068,104.106,0.0,0,1740641560953,134,0.0
1740641562,104.069,104.107,0.0,0,1740641562502,134,0.0
1740641563,104.07,104.108,0.0,0,1740641563818,134,0.0
1740641566,104.069,104.107,0.0,0,1740641566891,134,0.0
1740641568,104.068,104.106,0.0,0,1740641568225,134,0.0
1740641569,104.069,104.107,0.0,0,1740641569496,134,0.0
1740641574,104.068,104.106,0.0,0,1740641574228,134,0.0
1740641576,104.069,104.107,0.0,0,1740641576419,134,0.0
1740641580,104.069,104.107,0.0,0,1740641580650,130,0.0
1740641581,104.07,104.108,0.0,0,1740641581693,134,0.0
1740641588,104.068,104.106,0.0,0,1740641588786,134,0.0
1740641590,104.069,104.107,0.0,0,1740641590229,134,0.0
1740641592,104.064,104.102,0.0,0,1740641592357,134,0.0
1740641593,104.061,104.099,0.0,0,1740641593407,134,0.0
1740641598,104.06,104.098,0.0,0,1740641598499,134,0.0
1740641601,104.062,104.1,0.0,0,1740641601896,134,0.0
1740641602,104.068,104.106,0.0,0,1740641602883,134,0.0
1740641605,104.066,104.104,0.0,0,1740641605745,134,0.0
1740641606,104.067,104.105,0.0,0,1740641606815,134,0.0
1740641607,104.068,104.106,0.0,0,1740641607831,134,0.0
1740641615,104.062,104.1,0.0,0,1740641615712,134,0.0
1740641616,104.061,104.099,0.0,0,1740641616743,134,0.0
1740641623,104.055,104.093,0.0,0,1740641623109,134,0.0
1740641625,104.053,104.091,0.0,0,1740641625179,134,0.0
1740641631,104.054,104.092,0.0,0,1740641631013,134,0.0
1740641633,104.059,104.097,0.0,0,1740641633315,134,0.0
1740641637,104.06,104.098,0.0,0,1740641637552,134,0.0
1740641640,104.06,104.098,0.0,0,1740641640363,130,0.0
1740641641,104.063,104.101,0.0,0,1740641641439,134,0.0
1740641641,104.057,104.095,0.0,0,1740641641541,134,0.0
1740641642,104.054,104.092,0.0,0,1740641642544,134,0.0
1740641642,104.048,104.086,0.0,0,1740641642759,134,0.0
1740641646,104.052,104.09,0.0,0,1740641646999,134,0.0
1740641648,104.053,104.091,0.0,0,1740641648177,134,0.0
1740641649,104.051,104.089,0.0,0,1740641649256,134,0.0
1740641650,104.053,104.091,0.0,0,1740641650337,134,0.0
1740641651,104.054,104.092,0.0,0,1740641651365,134,0.0
1740641652,104.057,104.095,0.0,0,1740641652585,134,0.0
1740641654,104.056,104.094,0.0,0,1740641654772,134,0.0
1740641655,104.054,104.092,0.0,0,1740641655930,134,0.0
1740641657,104.053,104.091,0.0,0,1740641657490,134,0.0
1740641659,104.054,104.092,0.0,0,1740641659604,134,0.0
1740641661,104.056,104.094,0.0,0,1740641661490,134,0.0
1740641662,104.055,104.093,0.0,0,1740641662640,134,0.0
1740641668,104.051,104.089,0.0,0,1740641668575,134,0.0
1740641669,104.052,104.09,0.0,0,1740641669924,134,0.0
1740641672,104.051,104.089,0.0,0,1740641672707,134,0.0
1740641673,104.045,104.083,0.0,0,1740641673818,134,0.0
1740641675,104.047,104.085,0.0,0,1740641675160,134,0.0
1740641676,104.053,104.091,0.0,0,1740641676004,134,0.0
1740641677,104.056,104.094,0.0,0,1740641677383,134,0.0
1740641679,104.055,104.093,0.0,0,1740641679968,134,0.0
1740641681,104.053,104.091,0.0,0,1740641681751,134,0.0
1740641684,104.052,104.09,0.0,0,1740641684928,134,0.0
1740641687,104.053,104.091,0.0,0,1740641687237,134,0.0
1740641696,104.057,104.095,0.0,0,1740641696708,134,0.0
1740641699,104.063,104.101,0.0,0,1740641699501,134,0.0
1740641700,104.066,104.104,0.0,0,1740641700997,134,0.0
1740641702,104.067,104.105,0.0,0,1740641702009,134,0.0
1740641705,104.066,104.104,0.0,0,1740641705407,134,0.0
1740641706,104.067,104.105,0.0,0,1740641706416,134,0.0
1740641708,104.066,104.104,0.0,0,1740641708509,134,0.0
1740641712,104.07,104.108,0.0,0,1740641712470,134,0.0
1740641716,104.076,104.114,0.0,0,1740641716820,134,0.0
1740641717,104.078,104.116,0.0,0,1740641717926,134,0.0
1740641720,104.072,104.11,0.0,0,1740641720955,134,0.0
1740641722,104.07,104.108,0.0,0,1740641722146,134,0.0
1740641724,104.069,104.107,0.0,0,1740641724260,134,0.0
1740641727,104.071,104.109,0.0,0,1740641727132,134,0.0
1740641730,104.07,104.108,0.0,0,1740641730525,134,0.0
1740641731,104.069,104.107,0.0,0,1740641731603,134,0.0
1740641732,104.068,104.106,0.0,0,1740641732615,134,0.0
1740641734,104.069,104.107,0.0,0,1740641734097,134,0.0
1740641735,104.068,104.106,0.0,0,1740641735580,134,0.0
1740641736,104.067,104.105,0.0,0,1740641736813,134,0.0
1740641737,104.066,104.104,0.0,0,1740641737880,134,0.0
1740641741,104.069,104.107,0.0,0,1740641741228,134,0.0
1740641742,104.068,104.106,0.0,0,1740641742965,134,0.0
1740641746,104.067,104.105,0.0,0,1740641746663,134,0.0
1740641751,104.066,104.104,0.0,0,1740641751263,134,0.0
1740641752,104.065,104.103,0.0,0,1740641752353,134,0.0
1740641754,104.068,104.106,0.0,0,1740641754587,134,0.0
1740641756,104.069,104.107,0.0,0,1740641756793,134,0.0
1740641757,104.063,104.101,0.0,0,1740641757529,134,0.0
1740641758,104.06,104.098,0.0,0,1740641758583,134,0.0
1740641759,104.058,104.096,0.0,0,1740641759822,134,0.0
1740641761,104.057,104.095,0.0,0,1740641761442,134,0.0
1740641763,104.056,104.094,0.0,0,1740641763632,134,0.0
1740641764,104.055,104.093,0.0,0,1740641764643,134,0.0
1740641775,104.056,104.094,0.0,0,1740641775952,134,0.0
1740641776,104.055,104.093,0.0,0,1740641776959,134,0.0
1740641779,104.059,104.097,0.0,0,1740641779261,134,0.0
1740641781,104.06,104.098,0.0,0,1740641781588,134,0.0
1740641782,104.062,104.1,0.0,0,1740641782686,134,0.0
1740641789,104.063,104.101,0.0,0,1740641789974,134,0.0
1740641792,104.064,104.102,0.0,0,1740641792230,134,0.0
1740641793,104.063,104.101,0.0,0,1740641793407,134,0.0
1740641795,104.064,104.102,0.0,0,1740641795497,134,0.0
1740641797,104.062,104.1,0.0,0,1740641797856,134,0.0
1740641799,104.061,104.099,0.0,0,1740641799486,134,0.0
1740641799,104.067,104.105,0.0,0,1740641799891,134,0.0
1740641800,104.066,104.104,0.0,0,1740641800941,134,0.0
1740641803,104.065,104.103,0.0,0,1740641803158,134,0.0
1740641804,104.062,104.1,0.0,0,1740641804211,134,0.0
1740641806,104.061,104.099,0.0,0,1740641806462,134,0.0
1740641812,104.064,104.102,0.0,0,1740641812013,134,0.0
1740641814,104.063,104.101,0.0,0,1740641814108,134,0.0
1740641816,104.06,104.098,0.0,0,1740641816116,134,0.0
1740641819,104.054,104.092,0.0,0,1740641819233,134,0.0
1740641820,104.054,104.092,0.0,0,1740641820244,130,0.0
1740641821,104.053,104.091,0.0,0,1740641821414,134,0.0
1740641823,104.052,104.09,0.0,0,1740641823992,134,0.0
1740641827,104.053,104.091,0.0,0,1740641827256,134,0.0
1740641828,104.052,104.09,0.0,0,1740641828603,134,0.0
1740641830,104.053,104.091,0.0,0,1740641830800,134,0.0
1740641835,104.052,104.09,0.0,0,1740641835862,134,0.0
1740641836,104.053,104.091,0.0,0,1740641836865,134,0.0
1740641837,104.055,104.093,0.0,0,1740641837881,134,0.0
1740641841,104.054,104.092,0.0,0,1740641841512,134,0.0
1740641846,104.053,104.091,0.0,0,1740641846776,134,0.0
1740641849,104.054,104.092,0.0,0,1740641849300,134,0.0
1740641851,104.053,104.091,0.0,0,1740641851960,134,0.0
1740641855,104.054,104.092,0.0,0,1740641855521,134,0.0
1740641856,104.057,104.095,0.0,0,1740641856642,134,0.0
1740641863,104.053,104.091,0.0,0,1740641863094,134,0.0
1740641864,104.052,104.09,0.0,0,1740641864136,134,0.0
1740641866,104.051,104.089,0.0,0,1740641866320,134,0.0
1740641867,104.049,104.087,0.0,0,1740641867549,134,0.0
1740641868,104.05,104.088,0.0,0,1740641868602,134,0.0
1740641871,104.052,104.09,0.0,0,1740641871029,134,0.0
1740641873,104.051,104.089,0.0,0,1740641873347,134,0.0
1740641874,104.049,104.087,0.0,0,1740641874373,134,0.0
1740641875,104.047,104.085,0.0,0,1740641875432,134,0.0
1740641877,104.048,104.086,0.0,0,1740641877129,134,0.0
1740641878,104.053,104.091,0.0,0,1740641878228,134,0.0
1740641879,104.052,104.09,0.0,0,1740641879274,134,0.0
1740641880,104.053,104.091,0.0,0,1740641880342,134,0.0
1740641881,104.056,104.094,0.0,0,1740641881609,134,0.0
1740641882,104.057,104.095,0.0,0,1740641882756,134,0.0
1740641883,104.058,104.096,0.0,0,1740641883777,134,0.0
1740641888,104.059,104.097,0.0,0,1740641888213,134,0.0
1740641893,104.057,104.095,0.0,0,1740641893262,134,0.0
1740641895,104.058,104.096,0.0,0,1740641895838,134,0.0
1740641896,104.059,104.097,0.0,0,1740641896998,134,0.0
1740641898,104.058,104.096,0.0,0,1740641898501,134,0.0
1740641899,104.059,104.097,0.0,0,1740641899522,134,0.0
1740641900,104.06,104.098,0.0,0,1740641900660,134,0.0
1740641902,104.059,104.097,0.0,0,1740641902888,134,0.0
1740641909,104.06,104.098,0.0,0,1740641909443,134,0.0
1740641910,104.061,104.099,0.0,0,1740641910549,134,0.0
1740641913,104.062,104.1,0.0,0,1740641913535,134,0.0
1740641914,104.061,104.099,0.0,0,1740641914543,134,0.0
1740641916,104.058,104.096,0.0,0,1740641916892,134,0.0
1740641917,104.052,104.09,0.0,0,1740641917859,134,0.0
1740641919,104.051,104.089,0.0,0,1740641919039,134,0.0
1740641921,104.057,104.095,0.0,0,1740641921510,134,0.0
1740641922,104.056,104.094,0.0,0,1740641922530,134,0.0
1740641927,104.058,104.096,0.0,0,1740641927143,134,0.0
1740641932,104.064,104.102,0.0,0,1740641932085,134,0.0
1740641933,104.063,104.101,0.0,0,1740641933850,134,0.0
1740641935,104.064,104.102,0.0,0,1740641935036,134,0.0
1740641936,104.066,104.104,0.0,0,1740641936108,134,0.0
1740641937,104.064,104.102,0.0,0,1740641937123,134,0.0
1740641938,104.065,104.103,0.0,0,1740641938143,134,0.0
1740641940,104.065,104.103,0.0,0,1740641940017,130,0.0
1740641941,104.066,104.104,0.0,0,1740641941115,134,0.0
1740641944,104.065,104.103,0.0,0,1740641944838,134,0.0
1740641947,104.063,104.101,0.0,0,1740641947557,134,0.0
1740641949,104.062,104.1,0.0,0,1740641949546,134,0.0
1740641953,104.064,104.102,0.0,0,1740641953554,134,0.0
1740641954,104.063,104.101,0.0,0,1740641954741,134,0.0
1740641956,104.064,104.102,0.0,0,1740641956083,134,0.0
1740641958,104.068,104.106,0.0,0,1740641958377,134,0.0
1740641972,104.069,104.107,0.0,0,1740641972392,134,0.0
1740641974,104.065,104.103,0.0,0,1740641974201,134,0.0
1740641975,104.063,104.101,0.0,0,1740641975296,134,0.0
1740641977,104.062,104.1,0.0,0,1740641977644,134,0.0
1740641978,104.061,104.099,0.0,0,1740641978655,134,0.0
1740641982,104.06,104.098,0.0,0,1740641982552,134,0.0
1740641984,104.054,104.092,0.0,0,1740641984741,134,0.0
1740641985,104.052,104.09,0.0,0,1740641985843,134,0.0
1740641986,104.053,104.091,0.0,0,1740641986944,134,0.0
1740641988,104.051,104.089,0.0,0,1740641988145,134,0.0
1740641991,104.052,104.09,0.0,0,1740641991963,134,0.0
1740641993,104.05,104.088,0.0,0,1740641993624,134,0.0
1740641995,104.049,104.087,0.0,0,1740641995162,134,0.0
1740641996,104.05,104.088,0.0,0,1740641996381,134,0.0
1740642000,104.047,104.085,0.0,0,1740642000614,134,0.0
1740642002,104.041,104.079,0.0,0,1740642002130,134,0.0
1740642003,104.039,104.077,0.0,0,1740642003171,134,0.0
1740642004,104.038,104.076,0.0,0,1740642004177,134,0.0
1740642005,104.039,104.077,0.0,0,1740642005307,134,0.0
1740642006,104.041,104.079,0.0,0,1740642006520,134,0.0
1740642007,104.04,104.078,0.0,0,1740642007753,134,0.0
1740642008,104.042,104.08,0.0,0,1740642008777,134,0.0
1740642009,104.043,104.081,0.0,0,1740642009949,134,0.0
1740642011,104.049,104.087,0.0,0,1740642011628,134,0.0
1740642012,104.051,104.089,0.0,0,1740642012703,134,0.0
1740642013,104.048,104.086,0.0,0,1740642013736,134,0.0
1740642014,104.05,104.088,0.0,0,1740642014832,134,0.0
1740642016,104.052,104.09,0.0,0,1740642016079,134,0.0
1740642017,104.05,104.088,0.0,0,1740642017763,134,0.0
1740642018,104.047,104.085,0.0,0,1740642018783,134,0.0
1740642022,104.051,104.089,0.0,0,1740642022742,134,0.0
1740642023,104.048,104.086,0.0,0,1740642023930,134,0.0
1740642027,104.049,104.087,0.0,0,1740642027661,134,0.0
1740642029,104.051,104.089,0.0,0,1740642029716,134,0.0
1740642032,104.05,104.088,0.0,0,1740642032623,134,0.0
1740642033,104.051,104.089,0.0,0,1740642033645,134,0.0
1740642036,104.048,104.086,0.0,0,1740642036527,134,0.0
1740642040,104.049,104.087,0.0,0,1740642040299,134,0.0
1740642041,104.05,104.088,0.0,0,1740642041506,134,0.0
1740642042,104.049,104.087,0.0,0,1740642042815,134,0.0
1740642049,104.048,104.086,0.0,0,1740642049836,134,0.0
1740642051,104.051,104.089,0.0,0,1740642051027,134,0.0
1740642052,104.052,104.09,0.0,0,1740642052256,134,0.0
1740642052,104.045,104.083,0.0,0,1740642052374,134,0.0
1740642053,104.042,104.08,0.0,0,1740642053548,134,0.0
1740642056,104.043,104.081,0.0,0,1740642056932,134,0.0
1740642057,104.044,104.082,0.0,0,1740642057934,134,0.0
1740642058,104.05,104.088,0.0,0,1740642058546,134,0.0
1740642059,104.051,104.089,0.0,0,1740642059663,134,0.0
1740642061,104.052,104.09,0.0,0,1740642061013,134,0.0
1740642062,104.046,104.084,0.0,0,1740642062721,134,0.0
1740642064,104.051,104.089,0.0,0,1740642064128,134,0.0
1740642065,104.055,104.093,0.0,0,1740642065140,134,0.0
1740642066,104.054,104.092,0.0,0,1740642066676,134,0.0
1740642069,104.053,104.091,0.0,0,1740642069033,134,0.0
1740642070,104.051,104.089,0.0,0,1740642070368,134,0.0
1740642072,104.053,104.091,0.0,0,1740642072458,134,0.0
1740642076,104.059,104.097,0.0,0,1740642076418,134,0.0
1740642077,104.06,104.098,0.0,0,1740642077655,134,0.0
1740642081,104.061,104.099,0.0,0,1740642081458,134,0.0
1740642084,104.062,104.1,0.0,0,1740642084321,134,0.0
1740642085,104.063,104.101,0.0,0,1740642085368,134,0.0
1740642088,104.066,104.104,0.0,0,1740642088217,134,0.0
1740642089,104.072,104.11,0.0,0,1740642089090,134,0.0
1740642090,104.07,104.108,0.0,0,1740642090193,134,0.0
1740642092,104.074,104.112,0.0,0,1740642092229,134,0.0
1740642093,104.079,104.117,0.0,0,1740642093409,134,0.0
1740642095,104.08,104.118,0.0,0,1740642095001,134,0.0
1740642096,104.081,104.119,0.0,0,1740642096481,134,0.0
1740642097,104.085,104.123,0.0,0,1740642097500,134,0.0
1740642100,104.086,104.124,0.0,0,1740642100401,134,0.0
1740642102,104.085,104.123,0.0,0,1740642102139,134,0.0
1740642107,104.086,104.124,0.0,0,1740642107642,134,0.0
1740642108,104.085,104.123,0.0,0,1740642108670,134,0.0
1740642111,104.079,104.117,0.0,0,1740642111029,134,0.0
1740642117,104.085,104.123,0.0,0,1740642117229,134,0.0
1740642117,104.09,104.128,0.0,0,1740642117298,134,0.0
1740642118,104.092,104.13,0.0,0,1740642118443,134,0.0
1740642119,104.091,104.129,0.0,0,1740642119759,134,0.0
1740642120,104.091,104.129,0.0,0,1740642120770,130,0.0
1740642121,104.09,104.128,0.0,0,1740642121783,134,0.0
1740642122,104.089,104.127,0.0,0,1740642122803,134,0.0
1740642125,104.091,104.129,0.0,0,1740642125034,134,0.0
1740642127,104.092,104.13,0.0,0,1740642127128,134,0.0
1740642130,104.093,104.131,0.0,0,1740642130899,134,0.0
1740642135,104.094,104.132,0.0,0,1740642135523,134,0.0
1740642143,104.095,104.133,0.0,0,1740642143756,134,0.0
1740642145,104.094,104.132,0.0,0,1740642145051,134,0.0
1740642151,104.092,104.13,0.0,0,1740642151067,134,0.0
1740642151,104.098,104.136,0.0,0,1740642151784,134,0.0
1740642151,104.104,104.142,0.0,0,1740642151841,134,0.0
1740642152,104.107,104.145,0.0,0,1740642152902,134,0.0
1740642155,104.109,104.147,0.0,0,1740642155936,134,0.0
1740642158,104.108,104.146,0.0,0,1740642158618,134,0.0
1740642164,104.109,104.147,0.0,0,1740642164906,134,0.0
1740642167,104.11,104.148,0.0,0,1740642167249,134,0.0
1740642171,104.112,104.15,0.0,0,1740642171071,134,0.0
1740642172,104.113,104.151,0.0,0,1740642172323,134,0.0
1740642173,104.107,104.145,0.0,0,1740642173902,134,0.0
1740642175,104.106,104.144,0.0,0,1740642175035,134,0.0
1740642176,104.105,104.143,0.0,0,1740642176297,134,0.0
1740642180,104.104,104.142,0.0,0,1740642180218,134,0.0
1740642180,104.11,104.148,0.0,0,1740642180859,134,0.0
1740642183,104.109,104.147,0.0,0,1740642183275,134,0.0
1740642184,104.106,104.144,0.0,0,1740642184277,134,0.0
1740642185,104.109,104.147,0.0,0,1740642185409,134,0.0
1740642186,104.111,104.149,0.0,0,1740642186491,134,0.0
1740642188,104.11,104.148,0.0,0,1740642188835,134,0.0
1740642190,104.111,104.149,0.0,0,1740642190048,134,0.0
1740642192,104.11,104.148,0.0,0,1740642192576,134,0.0
1740642193,104.109,104.147,0.0,0,1740642193672,134,0.0
1740642194,104.108,104.146,0.0,0,1740642194871,134,0.0
1740642196,104.107,104.145,0.0,0,1740642196001,134,0.0
1740642196,104.101,104.139,0.0,0,1740642196212,134,0.0
1740642197,104.102,104.14,0.0,0,1740642197233,134,0.0
1740642200,104.103,104.141,0.0,0,1740642200187,134,0.0
1740642201,104.102,104.14,0.0,0,1740642201193,134,0.0
1740642204,104.103,104.141,0.0,0,1740642204443,134,0.0
1740642207,104.102,104.14,0.0,0,1740642207977,134,0.0
1740642210,104.101,104.139,0.0,0,1740642210474,134,0.0
1740642212,104.095,104.133,0.0,0,1740642212124,134,0.0
1740642213,104.094,104.132,0.0,0,1740642213144,134,0.0
1740642214,104.093,104.131,0.0,0,1740642214196,134,0.0
1740642222,104.1,104.138,0.0,0,1740642222100,134,0.0
1740642222,104.106,104.144,0.0,0,1740642222704,134,0.0
1740642223,104.107,104.145,0.0,0,1740642223782,134,0.0
1740642223,104.101,104.139,0.0,0,1740642223996,134,0.0
1740642227,104.102,104.14,0.0,0,1740642227306,134,0.0
1740642238,104.101,104.139,0.0,0,1740642238342,134,0.0
1740642240,104.1,104.138,0.0,0,1740642240280,134,0.0
1740642245,104.094,104.132,0.0,0,1740642245415,134,0.0
1740642254,104.095,104.133,0.0,0,1740642254512,134,0.0
1740642257,104.094,104.132,0.0,0,1740642257723,134,0.0
1740642261,104.096,104.134,0.0,0,1740642261701,134,0.0
1740642262,104.095,104.133,0.0,0,1740642262739,134,0.0
1740642263,104.096,104.134,0.0,0,1740642263821,134,0.0
1740642266,104.095,104.133,0.0,0,1740642266071,134,0.0
1740642268,104.094,104.132,0.0,0,1740642268841,134,0.0
1740642272,104.093,104.131,0.0,0,1740642272009,134,0.0
1740642274,104.096,104.134,0.0,0,1740642274146,134,0.0
1740642275,104.097,104.135,0.0,0,1740642275273,134,0.0
1740642276,104.098,104.136,0.0,0,1740642276910,134,0.0
1740642279,104.097,104.135,0.0,0,1740642279273,134,0.0
1740642283,104.09,104.128,0.0,0,1740642283968,134,0.0
1740642285,104.092,104.13,0.0,0,1740642285337,134,0.0
1740642286,104.091,104.129,0.0,0,1740642286947,134,0.0
1740642300,104.091,104.129,0.0,0,1740642300921,130,0.0
1740642301,104.09,104.128,0.0,0,1740642301945,134,0.0
1740642303,104.091,104.129,0.0,0,1740642303032,134,0.0
1740642304,104.085,104.123,0.0,0,1740642304294,134,0.0
1740642305,104.082,104.12,0.0,0,1740642305970,134,0.0
1740642307,104.081,104.119,0.0,0,1740642307562,134,0.0
1740642308,104.08,104.118,0.0,0,1740642308744,134,0.0
1740642310,104.079,104.117,0.0,0,1740642310333,134,0.0
1740642313,104.078,104.116,0.0,0,1740642313015,134,0.0
1740642315,104.081,104.119,0.0,0,1740642315059,134,0.0
1740642316,104.082,104.12,0.0,0,1740642316133,134,0.0
1740642317,104.081,104.119,0.0,0,1740642317304,134,0.0
1740642318,104.078,104.116,0.0,0,1740642318384,134,0.0
1740642320,104.077,104.115,0.0,0,1740642320432,134,0.0
1740642326,104.075,104.113,0.0,0,1740642326284,134,0.0
1740642331,104.074,104.112,0.0,0,1740642331203,134,0.0
1740642332,104.075,104.113,0.0,0,1740642332272,134,0.0
1740642339,104.076,104.114,0.0,0,1740642339818,134,0.0
1740642347,104.075,104.113,0.0,0,1740642347304,134,0.0
1740642348,104.074,104.112,0.0,0,1740642348755,134,0.0
1740642351,104.075,104.113,0.0,0,1740642351217,134,0.0
1740642353,104.076,104.114,0.0,0,1740642353265,134,0.0
1740642359,104.075,104.113,0.0,0,1740642359066,134,0.0
1740642360,104.075,104.113,0.0,0,1740642360071,130,0.0
1740642361,104.074,104.112,0.0,0,1740642361131,134,0.0
1740642365,104.075,104.113,0.0,0,1740642365346,134,0.0
1740642366,104.076,104.114,0.0,0,1740642366451,134,0.0
1740642370,104.075,104.113,0.0,0,1740642370673,134,0.0
1740642372,104.076,104.114,0.0,0,1740642372820,134,0.0
1740642374,104.073,104.111,0.0,0,1740642374974,134,0.0
1740642375,104.075,104.113,0.0,0,1740642375993,134,0.0
1740642378,104.073,104.111,0.0,0,1740642378336,134,0.0
1740642379,104.074,104.112,0.0,0,1740642379391,134,0.0
1740642386,104.075,104.113,0.0,0,1740642386466,134,0.0
1740642387,104.074,104.112,0.0,0,1740642387491,134,0.0
1740642396,104.077,104.115,0.0,0,1740642396649,134,0.0
1740642401,104.078,104.116,0.0,0,1740642401750,134,0.0
1740642402,104.079,104.117,0.0,0,1740642402790,134,0.0
1740642403,104.081,104.119,0.0,0,1740642403800,134,0.0
1740642407,104.075,104.113,0.0,0,1740642407000,134,0.0
1740642408,104.073,104.111,0.0,0,1740642408033,134,0.0
1740642411,104.074,104.112,0.0,0,1740642411858,134,0.0
1740642413,104.073,104.111,0.0,0,1740642413284,134,0.0
1740642417,104.075,104.113,0.0,0,1740642417019,134,0.0
1740642417,104.081,104.119,0.0,0,1740642417159,134,0.0
1740642418,104.082,104.12,0.0,0,1740642418566,134,0.0
1740642420,104.085,104.123,0.0,0,1740642420854,134,0.0
1740642421,104.09,104.128,0.0,0,1740642421881,134,0.0
1740642423,104.089,104.127,0.0,0,1740642423552,134,0.0
1740642426,104.09,104.128,0.0,0,1740642426274,134,0.0
1740642429,104.089,104.127,0.0,0,1740642429544,134,0.0
1740642430,104.088,104.126,0.0,0,1740642430828,134,0.0
1740642430,104.094,104.132,0.0,0,1740642430917,134,0.0
1740642432,104.093,104.131,0.0,0,1740642432168,134,0.0
1740642435,104.095,104.133,0.0,0,1740642435735,134,0.0
1740642436,104.098,104.136,0.0,0,1740642436745,134,0.0
1740642437,104.097,104.135,0.0,0,1740642437818,134,0.0
1740642439,104.099,104.137,0.0,0,1740642439954,134,0.0
1740642440,104.097,104.135,0.0,0,1740642440959,134,0.0
1740642443,104.098,104.136,0.0,0,1740642443166,134,0.0
1740642445,104.096,104.134,0.0,0,1740642445908,134,0.0
1740642446,104.097,104.135,0.0,0,1740642446965,134,0.0
1740642449,104.096,104.134,0.0,0,1740642449072,134,0.0
1740642452,104.098,104.136,0.0,0,1740642452543,134,0.0
1740642453,104.101,104.139,0.0,0,1740642453727,134,0.0
1740642458,104.1,104.138,0.0,0,1740642458433,134,0.0
1740642462,104.101,104.139,0.0,0,1740642462975,134,0.0
1740642467,104.1,104.138,0.0,0,1740642467764,134,0.0
1740642468,104.099,104.137,0.0,0,1740642468872,134,0.0
1740642469,104.093,104.131,0.0,0,1740642469210,134,0.0
1740642470,104.09,104.128,0.0,0,1740642470220,134,0.0
1740642472,104.088,104.126,0.0,0,1740642472372,134,0.0
1740642473,104.086,104.124,0.0,0,1740642473412,134,0.0
1740642476,104.092,104.13,0.0,0,1740642476385,134,0.0
1740642478,104.097,104.135,0.0,0,1740642478054,134,0.0
1740642479,104.098,104.136,0.0,0,1740642479296,134,0.0
1740642480,104.099,104.137,0.0,0,1740642480365,134,0.0
1740642481,104.098,104.136,0.0,0,1740642481472,134,0.0
1740642484,104.094,104.132,0.0,0,1740642484615,134,0.0
1740642489,104.093,104.131,0.0,0,1740642489380,134,0.0
1740642492,104.09,104.128,0.0,0,1740642492697,134,0.0
1740642493,104.091,104.129,0.0,0,1740642493893,134,0.0
1740642495,104.096,104.134,0.0,0,1740642495440,134,0.0
1740642496,104.097,104.135,0.0,0,1740642496743,134,0.0
1740642497,104.096,104.134,0.0,0,1740642497886,134,0.0
1740642498,104.094,104.132,0.0,0,1740642498893,134,0.0
1740642500,104.092,104.13,0.0,0,1740642500118,134,0.0
1740642502,104.091,104.129,0.0,0,1740642502740,134,0.0
1740642506,104.096,104.134,0.0,0,1740642506187,134,0.0
1740642507,104.098,104.136,0.0,0,1740642507199,134,0.0
1740642509,104.099,104.137,0.0,0,1740642509668,134,0.0
1740642510,104.105,104.143,0.0,0,1740642510304,134,0.0
1740642512,104.104,104.142,0.0,0,1740642512024,134,0.0
1740642515,104.102,104.14,0.0,0,1740642515623,134,0.0
1740642516,104.101,104.139,0.0,0,1740642516961,134,0.0
1740642519,104.103,104.141,0.0,0,1740642519594,134,0.0
1740642520,104.098,104.136,0.0,0,1740642520618,134,0.0
1740642524,104.096,104.134,0.0,0,1740642524139,134,0.0
1740642531,104.097,104.135,0.0,0,1740642531540,134,0.0
1740642533,104.098,104.136,0.0,0,1740642533694,134,0.0
1740642535,104.097,104.135,0.0,0,1740642535834,134,0.0
1740642536,104.098,104.136,0.0,0,1740642536884,134,0.0
1740642537,104.102,104.14,0.0,0,1740642537885,134,0.0
1740642539,104.103,104.141,0.0,0,1740642539646,134,0.0
1740642540,104.102,104.14,0.0,0,1740642540764,134,0.0
1740642541,104.101,104.139,0.0,0,1740642541812,134,0.0
1740642542,104.1,104.138,0.0,0,1740642542860,134,0.0
1740642547,104.102,104.14,0.0,0,1740642547771,134,0.0
1740642554,104.101,104.139,0.0,0,1740642554947,134,0.0
1740642556,104.1,104.138,0.0,0,1740642556018,134,0.0
1740642557,104.097,104.135,0.0,0,1740642557207,134,0.0
1740642558,104.098,104.136,0.0,0,1740642558232,134,0.0
1740642561,104.097,104.135,0.0,0,1740642561732,134,0.0
1740642565,104.099,104.137,0.0,0,1740642565128,134,0.0
1740642566,104.1,104.138,0.0,0,1740642566330,134,0.0
1740642574,104.096,104.134,0.0,0,1740642574884,134,0.0
1740642577,104.094,104.132,0.0,0,1740642577541,134,0.0
1740642579,104.095,104.133,0.0,0,1740642579846,134,0.0
1740642581,104.09,104.128,0.0,0,1740642581995,134,0.0
1740642583,104.089,104.127,0.0,0,1740642583134,134,0.0
1740642585,104.091,104.129,0.0,0,1740642585454,134,0.0
1740642586,104.092,104.13,0.0,0,1740642586759,134,0.0
1740642591,104.091,104.129,0.0,0,1740642591169,134,0.0
1740642593,104.09,104.128,0.0,0,1740642593344,134,0.0
1740642594,104.089,104.127,0.0,0,1740642594545,134,0.0
1740642595,104.091,104.129,0.0,0,1740642595689,134,0.0
1740642600,104.094,104.132,0.0,0,1740642600197,134,0.0
1740642601,104.099,104.137,0.0,0,1740642601138,134,0.0
1740642602,104.104,104.142,0.0,0,1740642602175,134,0.0
1740642603,104.105,104.143,0.0,0,1740642603260,134,0.0
1740642608,104.11,104.148,0.0,0,1740642608248,134,0.0
1740642608,104.104,104.142,0.0,0,1740642608840,134,0.0
1740642610,104.103,104.141,0.0,0,1740642610124,134,0.0
1740642611,104.106,104.144,0.0,0,1740642611617,134,0.0
1740642613,104.104,104.142,0.0,0,1740642613876,134,0.0
1740642618,104.105,104.143,0.0,0,1740642618981,134,0.0
1740642620,104.104,104.142,0.0,0,1740642620985,134,0.0
1740642622,104.103,104.141,0.0,0,1740642622060,134,0.0
1740642624,104.098,104.136,0.0,0,1740642624298,134,0.0
1740642625,104.099,104.137,0.0,0,1740642625572,134,0.0
1740642626,104.098,104.136,0.0,0,1740642626999,134,0.0
1740642628,104.097,104.135,0.0,0,1740642628008,134,0.0
1740642629,104.095,104.133,0.0,0,1740642629681,134,0.0
1740642632,104.092,104.13,0.0,0,1740642632829,134,0.0
1740642635,104.093,104.131,0.0,0,1740642635221,134,0.0
1740642636,104.095,104.133,0.0,0,1740642636255,134,0.0
1740642637,104.094,104.132,0.0,0,1740642637255,134,0.0
1740642644,104.095,104.133,0.0,0,1740642644393,134,0.0
1740642647,104.094,104.132,0.0,0,1740642647328,134,0.0
1740642649,104.088,104.126,0.0,0,1740642649209,134,0.0
1740642652,104.087,104.125,0.0,0,1740642652328,134,0.0
1740642659,104.088,104.126,0.0,0,1740642659009,134,0.0
1740642659,104.082,104.12,0.0,0,1740642659943,134,0.0
1740642660,104.087,104.125,0.0,0,1740642660596,134,0.0
1740642661,104.088,104.126,0.0,0,1740642661739,134,0.0
1740642662,104.089,104.127,0.0,0,1740642662823,134,0.0
1740642667,104.088,104.126,0.0,0,1740642667175,134,0.0
1740642668,104.087,104.125,0.0,0,1740642668379,134,0.0
1740642672,104.088,104.126,0.0,0,1740642672211,134,0.0
1740642673,104.089,104.127,0.0,0,1740642673228,134,0.0
1740642674,104.092,104.13,0.0,0,1740642674242,134,0.0
1740642676,104.091,104.129,0.0,0,1740642676128,134,0.0
1740642677,104.087,104.125,0.0,0,1740642677629,134,0.0
1740642678,104.093,104.131,0.0,0,1740642678889,134,0.0
1740642684,104.096,104.134,0.0,0,1740642684177,134,0.0
1740642685,104.097,104.135,0.0,0,1740642685235,134,0.0
1740642687,104.098,104.136,0.0,0,1740642687327,134,0.0
1740642692,104.097,104.135,0.0,0,1740642692093,134,0.0
1740642695,104.091,104.129,0.0,0,1740642695452,134,0.0
1740642696,104.09,104.128,0.0,0,1740642696594,134,0.0
1740642702,104.091,104.129,0.0,0,1740642702987,134,0.0
1740642707,104.089,104.127,0.0,0,1740642707653,134,0.0
1740642708,104.093,104.131,0.0,0,1740642708654,134,0.0
1740642709,104.092,104.13,0.0,0,1740642709679,134,0.0
1740642710,104.097,104.135,0.0,0,1740642710670,134,0.0
1740642711,104.098,104.136,0.0,0,1740642711909,134,0.0
1740642715,104.103,104.141,0.0,0,1740642715196,134,0.0
1740642716,104.105,104.143,0.0,0,1740642716527,134,0.0
1740642717,104.104,104.142,0.0,0,1740642717606,134,0.0
1740642720,104.105,104.143,0.0,0,1740642720926,134,0.0
1740642725,104.108,104.146,0.0,0,1740642725629,134,0.0
1740642736,104.109,104.147,0.0,0,1740642736110,134,0.0
1740642737,104.108,104.146,0.0,0,1740642737686,134,0.0
1740642738,104.106,104.144,0.0,0,1740642738716,134,0.0
1740642740,104.105,104.143,0.0,0,1740642740110,134,0.0
1740642742,104.104,104.142,0.0,0,1740642742208,134,0.0
1740642744,104.103,104.141,0.0,0,1740642744344,134,0.0
1740642745,104.102,104.14,0.0,0,1740642745413,134,0.0
1740642750,104.103,104.141,0.0,0,1740642750127,134,0.0
1740642751,104.099,104.137,0.0,0,1740642751230,134,0.0
1740642759,104.1,104.138,0.0,0,1740642759794,134,0.0
1740642760,104.099,104.137,0.0,0,1740642760800,134,0.0
1740642761,104.1,104.138,0.0,0,1740642761894,134,0.0
1740642771,104.099,104.137,0.0,0,1740642771772,134,0.0
1740642774,104.103,104.141,0.0,0,1740642774029,134,0.0
1740642776,104.104,104.142,0.0,0,1740642776391,134,0.0
1740642779,104.103,104.141,0.0,0,1740642779133,134,0.0
1740642779,104.097,104.135,0.0,0,1740642779191,134,0.0
1740642780,104.091,104.129,0.0,0,1740642780183,134,0.0
1740642781,104.092,104.13,0.0,0,1740642781252,134,0.0
1740642782,104.089,104.127,0.0,0,1740642782288,134,0.0
1740642786,104.088,104.126,0.0,0,1740642786515,134,0.0
1740642787,104.089,104.127,0.0,0,1740642787561,134,0.0
1740642790,104.083,104.121,0.0,0,1740642790367,134,0.0
1740642791,104.082,104.12,0.0,0,1740642791521,134,0.0
1740642794,104.083,104.121,0.0,0,1740642794433,134,0.0
1740642795,104.086,104.124,0.0,0,1740642795746,134,0.0
1740642798,104.085,104.123,0.0,0,1740642798911,134,0.0
1740642800,104.082,104.12,0.0,0,1740642800961,134,0.0
1740642808,104.081,104.119,0.0,0,1740642808164,134,0.0
1740642812,104.075,104.113,0.0,0,1740642812413,134,0.0
1740642813,104.074,104.112,0.0,0,1740642813441,134,0.0
1740642814,104.072,104.11,0.0,0,1740642814526,134,0.0
1740642816,104.068,104.106,0.0,0,1740642816970,134,0.0
1740642818,104.067,104.105,0.0,0,1740642818311,134,0.0
1740642819,104.068,104.106,0.0,0,1740642819515,134,0.0
1740642820,104.074,104.112,0.0,0,1740642820300,134,0.0
1740642821,104.078,104.116,0.0,0,1740642821529,134,0.0
1740642823,104.081,104.119,0.0,0,1740642823801,134,0.0
1740642824,104.087,104.125,0.0,0,1740642824773,134,0.0
1740642826,104.084,104.122,0.0,0,1740642826201,134,0.0
1740642829,104.079,104.117,0.0,0,1740642829283,134,0.0
1740642830,104.076,104.114,0.0,0,1740642830306,134,0.0
1740642831,104.075,104.113,0.0,0,1740642831636,134,0.0
1740642833,104.076,104.114,0.0,0,1740642833027,134,0.0
1740642834,104.077,104.115,0.0,0,1740642834153,134,0.0
1740642838,104.078,104.116,0.0,0,1740642838180,134,0.0
1740642839,104.076,104.114,0.0,0,1740642839478,134,0.0
1740642840,104.076,104.114,0.0,0,1740642840516,130,0.0
1740642841,104.075,104.113,0.0,0,1740642841559,134,0.0
1740642842,104.069,104.107,0.0,0,1740642842363,134,0.0
1740642844,104.064,104.102,0.0,0,1740642844402,134,0.0
1740642845,104.065,104.103,0.0,0,1740642845432,134,0.0
1740642847,104.069,104.107,0.0,0,1740642847161,134,0.0
1740642848,104.07,104.108,0.0,0,1740642848193,134,0.0
1740642850,104.069,104.107,0.0,0,1740642850674,134,0.0
1740642852,104.068,104.106,0.0,0,1740642852001,134,0.0
1740642853,104.069,104.107,0.0,0,1740642853538,134,0.0
1740642855,104.07,104.108,0.0,0,1740642855436,134,0.0
1740642856,104.072,104.11,0.0,0,1740642856671,134,0.0
1740642857,104.068,104.106,0.0,0,1740642857910,134,0.0
1740642861,104.069,104.107,0.0,0,1740642861143,134,0.0
1740642863,104.07,104.108,0.0,0,1740642863131,134,0.0
1740642866,104.069,104.107,0.0,0,1740642866610,134,0.0
1740642867,104.07,104.108,0.0,0,1740642867733,134,0.0
1740642868,104.072,104.11,0.0,0,1740642868773,134,0.0
1740642869,104.068,104.106,0.0,0,1740642869841,134,0.0
1740642871,104.067,104.105,0.0,0,1740642871033,134,0.0
1740642872,104.066,104.104,0.0,0,1740642872192,134,0.0
1740642874,104.067,104.105,0.0,0,1740642874391,134,0.0
1740642874,104.073,104.111,0.0,0,1740642874870,134,0.0
1740642875,104.079,104.117,0.0,0,1740642875942,134,0.0
1740642877,104.08,104.118,0.0,0,1740642877078,134,0.0
1740642883,104.078,104.116,0.0,0,1740642883128,134,0.0
1740642886,104.074,104.112,0.0,0,1740642886881,134,0.0
1740642888,104.069,104.107,0.0,0,1740642888929,134,0.0
1740642891,104.072,104.11,0.0,0,1740642891012,134,0.0
1740642893,104.073,104.111,0.0,0,1740642893990,134,0.0
1740642897,104.072,104.11,0.0,0,1740642897339,134,0.0
1740642900,104.077,104.115,0.0,0,1740642900085,134,0.0
1740642901,104.078,104.116,0.0,0,1740642901515,134,0.0
1740642902,104.073,104.111,0.0,0,1740642902544,134,0.0
1740642903,104.07,104.108,0.0,0,1740642903640,134,0.0
1740642904,104.069,104.107,0.0,0,1740642904715,134,0.0
1740642905,104.071,104.109,0.0,0,1740642905811,134,0.0
1740642910,104.073,104.111,0.0,0,1740642910487,134,0.0
1740642911,104.074,104.112,0.0,0,1740642911640,134,0.0
1740642912,104.075,104.113,0.0,0,1740642912774,134,0.0
1740642913,104.074,104.112,0.0,0,1740642913985,134,0.0
1740642916,104.073,104.111,0.0,0,1740642916532,134,0.0
1740642917,104.072,104.11,0.0,0,1740642917556,134,0.0
1740642920,104.073,104.111,0.0,0,1740642920379,134,0.0
1740642925,104.076,104.114,0.0,0,1740642925989,134,0.0
1740642926,104.082,104.12,0.0,0,1740642926921,134,0.0
1740642927,104.087,104.125,0.0,0,1740642927091,134,0.0
1740642928,104.092,104.13,0.0,0,1740642928189,134,0.0
1740642929,104.091,104.129,0.0,0,1740642929440,134,0.0
1740642930,104.09,104.128,0.0,0,1740642930777,134,0.0
1740642933,104.089,104.127,0.0,0,1740642933017,134,0.0
1740642936,104.094,104.132,0.0,0,1740642936859,134,0.0
1740642939,104.093,104.131,0.0,0,1740642939413,134,0.0
1740642940,104.092,104.13,0.0,0,1740642940773,134,0.0
1740642943,104.096,104.134,0.0,0,1740642943393,134,0.0
1740642944,104.093,104.131,0.0,0,1740642944652,134,0.0
1740642945,104.094,104.132,0.0,0,1740642945733,134,0.0
1740642946,104.092,104.13,0.0,0,1740642946988,134,0.0
1740642948,104.091,104.129,0.0,0,1740642948003,134,0.0
1740642949,104.094,104.132,0.0,0,1740642949003,134,0.0
1740642950,104.095,104.133,0.0,0,1740642950175,134,0.0
1740642951,104.098,104.136,0.0,0,1740642951333,134,0.0
1740642952,104.099,104.137,0.0,0,1740642952390,134,0.0
1740642953,104.098,104.136,0.0,0,1740642953447,134,0.0
1740642957,104.099,104.137,0.0,0,1740642957549,134,0.0
1740642959,104.095,104.133,0.0,0,1740642959645,134,0.0
1740642960,104.096,104.134,0.0,0,1740642960688,134,0.0
1740642962,104.097,104.135,0.0,0,1740642962890,134,0.0
1740642968,104.096,104.134,0.0,0,1740642968215,134,0.0
1740642971,104.093,104.131,0.0,0,1740642971259,134,0.0
1740642972,104.092,104.13,0.0,0,1740642972839,134,0.0
1740642974,104.091,104.129,0.0,0,1740642974032,134,0.0
1740642978,104.092,104.13,0.0,0,1740642978474,134,0.0
1740642981,104.091,104.129,0.0,0,1740642981663,134,0.0
1740642982,104.09,104.128,0.0,0,1740642982763,134,0.0
1740642986,104.088,104.126,0.0,0,1740642986263,134,0.0
1740642987,104.089,104.127,0.0,0,1740642987532,134,0.0
1740642990,104.091,104.129,0.0,0,1740642990295,134,0.0
1740642994,104.092,104.13,0.0,0,1740642994441,134,0.0
1740642995,104.087,104.125,0.0,0,1740642995447,134,0.0
1740642996,104.084,104.122,0.0,0,1740642996477,134,0.0
1740643001,104.086,104.124,0.0,0,1740643001625,134,0.0
1740643004,104.085,104.123,0.0,0,1740643004576,134,0.0
1740643008,104.091,104.129,0.0,0,1740643008036,134,0.0
1740643009,104.092,104.13,0.0,0,1740643009258,134,0.0
1740643013,104.091,104.129,0.0,0,1740643013912,134,0.0
1740643015,104.092,104.13,0.0,0,1740643015144,134,0.0
1740643017,104.093,104.131,0.0,0,1740643017335,134,0.0
1740643021,104.094,104.132,0.0,0,1740643021005,134,0.0
1740643025,104.093,104.131,0.0,0,1740643025611,134,0.0
1740643032,104.086,104.124,0.0,0,1740643032690,134,0.0
1740643033,104.083,104.121,0.0,0,1740643033980,134,0.0
1740643036,104.086,104.124,0.0,0,1740643036510,134,0.0
1740643037,104.085,104.123,0.0,0,1740643037550,134,0.0
1740643041,104.08,104.118,0.0,0,1740643041188,134,0.0
1740643042,104.078,104.116,0.0,0,1740643042642,134,0.0
1740643043,104.077,104.115,0.0,0,1740643043883,134,0.0
1740643045,104.076,104.114,0.0,0,1740643045000,134,0.0
1740643045,104.082,104.12,0.0,0,1740643045983,134,0.0
1740643048,104.083,104.121,0.0,0,1740643048227,134,0.0
1740643050,104.084,104.122,0.0,0,1740643050424,134,0.0
1740643051,104.081,104.119,0.0,0,1740643051547,134,0.0
1740643053,104.079,104.117,0.0,0,1740643053005,134,0.0
1740643054,104.081,104.119,0.0,0,1740643054312,134,0.0
1740643057,104.08,104.118,0.0,0,1740643057129,134,0.0
1740643059,104.081,104.119,0.0,0,1740643059048,134,0.0
1740643061,104.082,104.12,0.0,0,1740643061420,134,0.0
1740643065,104.081,104.119,0.0,0,1740643065597,134,0.0
1740643072,104.087,104.125,0.0,0,1740643072639,134,0.0
1740643074,104.088,104.126,0.0,0,1740643074352,134,0.0
1740643076,104.087,104.125,0.0,0,1740643076129,134,0.0
1740643078,104.089,104.127,0.0,0,1740643078460,134,0.0
1740643079,104.094,104.132,0.0,0,1740643079329,134,0.0
1740643080,104.095,104.133,0.0,0,1740643080361,134,0.0
1740643082,104.094,104.132,0.0,0,1740643082039,134,0.0
1740643083,104.095,104.133,0.0,0,1740643083116,134,0.0
1740643084,104.096,104.134,0.0,0,1740643084116,134,0.0
1740643090,104.095,104.133,0.0,0,1740643090096,134,0.0
1740643093,104.094,104.132,0.0,0,1740643093561,134,0.0
1740643093,104.088,104.126,0.0,0,1740643093641,134,0.0
1740643094,104.087,104.125,0.0,0,1740643094717,134,0.0
1740643095,104.085,104.123,0.0,0,1740643095784,134,0.0
1740643100,104.086,104.124,0.0,0,1740643100130,134,0.0
1740643101,104.087,104.125,0.0,0,1740643101333,134,0.0
1740643109,104.09,104.128,0.0,0,1740643109236,134,0.0
1740643110,104.089,104.127,0.0,0,1740643110477,134,0.0
1740643116,104.09,104.128,0.0,0,1740643116468,134,0.0
1740643119,104.091,104.129,0.0,0,1740643119614,134,0.0
1740643124,104.093,104.131,0.0,0,1740643124602,134,0.0
1740643129,104.094,104.132,0.0,0,1740643129555,134,0.0
1740643131,104.1,104.138,0.0,0,1740643131167,134,0.0
1740643133,104.105,104.143,0.0,0,1740643133190,134,0.0
1740643133,104.099,104.137,0.0,0,1740643133620,134,0.0
1740643134,104.096,104.134,0.0,0,1740643134928,134,0.0
1740643136,104.095,104.133,0.0,0,1740643136556,134,0.0
1740643137,104.096,104.134,0.0,0,1740643137819,134,0.0
1740643140,104.093,104.131,0.0,0,1740643140130,134,0.0
1740643141,104.094,104.132,0.0,0,1740643141173,134,0.0
1740643142,104.093,104.131,0.0,0,1740643142244,134,0.0
1740643143,104.095,104.133,0.0,0,1740643143632,134,0.0
1740643149,104.094,104.132,0.0,0,1740643149113,134,0.0
1740643152,104.095,104.133,0.0,0,1740643152052,134,0.0
1740643157,104.094,104.132,0.0,0,1740643157653,134,0.0
1740643165,104.093,104.131,0.0,0,1740643165435,134,0.0
1740643166,104.099,104.137,0.0,0,1740643166448,134,0.0
1740643168,104.1,104.138,0.0,0,1740643168668,134,0.0
1740643169,104.099,104.137,0.0,0,1740643169782,134,0.0
1740643169,104.093,104.131,0.0,0,1740643169818,134,0.0
1740643170,104.091,104.129,0.0,0,1740643170915,134,0.0
1740643175,104.092,104.13,0.0,0,1740643175178,134,0.0
1740643176,104.091,104.129,0.0,0,1740643176444,134,0.0
1740643177,104.089,104.127,0.0,0,1740643177456,134,0.0
1740643180,104.088,104.126,0.0,0,1740643180661,134,0.0
1740643182,104.087,104.125,0.0,0,1740643182244,134,0.0
1740643187,104.085,104.123,0.0,0,1740643187533,134,0.0
1740643190,104.086,104.124,0.0,0,1740643190638,134,0.0
1740643191,104.09,104.128,0.0,0,1740643191794,134,0.0
1740643192,104.089,104.127,0.0,0,1740643192953,134,0.0
1740643197,104.091,104.129,0.0,0,1740643197282,134,0.0
1740643198,104.093,104.131,0.0,0,1740643198286,134,0.0
1740643199,104.094,104.132,0.0,0,1740643199403,134,0.0
1740643200,104.096,104.134,0.0,0,1740643200420,134,0.0
1740643201,104.092,104.13,0.0,0,1740643201421,134,0.0
1740643202,104.088,104.126,0.0,0,1740643202495,134,0.0
1740643203,104.087,104.125,0.0,0,1740643203541,134,0.0
1740643206,104.088,104.126,0.0,0,1740643206202,134,0.0
1740643206,104.082,104.12,0.0,0,1740643206654,134,0.0
1740643207,104.079,104.117,0.0,0,1740643207670,134,0.0
1740643210,104.078,104.116,0.0,0,1740643210381,134,0.0
1740643211,104.077,104.115,0.0,0,1740643211383,134,0.0
1740643212,104.073,104.111,0.0,0,1740643212383,134,0.0
1740643212,104.067,104.105,0.0,0,1740643212785,134,0.0
1740643213,104.066,104.104,0.0,0,1740643213941,134,0.0
1740643214,104.06,104.098,0.0,0,1740643214655,134,0.0
1740643215,104.058,104.096,0.0,0,1740643215662,134,0.0
1740643216,104.059,104.097,0.0,0,1740643216664,134,0.0
1740643219,104.053,104.091,0.0,0,1740643219945,134,0.0
1740643220,104.051,104.089,0.0,0,1740643220950,134,0.0
1740643223,104.048,104.086,0.0,0,1740643223298,134,0.0
1740643223,104.054,104.092,0.0,0,1740643223898,134,0.0
1740643224,104.06,104.098,0.0,0,1740643224397,134,0.0
1740643225,104.061,104.099,0.0,0,1740643225506,134,0.0
1740643228,104.06,104.098,0.0,0,1740643228086,134,0.0
1740643234,104.058,104.096,0.0,0,1740643234311,134,0.0
1740643235,104.054,104.092,0.0,0,1740643235952,134,0.0
1740643237,104.053,104.091,0.0,0,1740643237690,134,0.0
1740643241,104.052,104.09,0.0,0,1740643241571,134,0.0
1740643242,104.054,104.092,0.0,0,1740643242583,134,0.0
1740643244,104.055,104.093,0.0,0,1740643244200,134,0.0
1740643248,104.057,104.095,0.0,0,1740643248702,134,0.0
1740643249,104.058,104.096,0.0,0,1740643249819,134,0.0
1740643250,104.052,104.09,0.0,0,1740643250572,134,0.0
1740643251,104.049,104.087,0.0,0,1740643251612,134,0.0
1740643257,104.048,104.086,0.0,0,1740643257459,134,0.0
1740643257,104.054,104.092,0.0,0,1740643257749,134,0.0
1740643258,104.051,104.089,0.0,0,1740643258893,134,0.0
1740643259,104.054,104.092,0.0,0,1740643259952,134,0.0
1740643260,104.054,104.092,0.0,0,1740643260952,130,0.0
1740643264,104.058,104.096,0.0,0,1740643264398,134,0.0
1740643265,104.057,104.095,0.0,0,1740643265399,134,0.0
1740643266,104.056,104.094,0.0,0,1740643266542,134,0.0
1740643269,104.05,104.088,0.0,0,1740643269493,134,0.0
1740643269,104.044,104.082,0.0,0,1740643269645,134,0.0
1740643270,104.039,104.077,0.0,0,1740643270398,134,0.0
1740643271,104.038,104.076,0.0,0,1740643271443,134,0.0
1740643272,104.037,104.075,0.0,0,1740643272483,134,0.0
1740643273,104.036,104.074,0.0,0,1740643273497,134,0.0
1740643276,104.037,104.075,0.0,0,1740643276981,134,0.0
1740643277,104.043,104.081,0.0,0,1740643277404,134,0.0
1740643278,104.046,104.084,0.0,0,1740643278559,134,0.0
1740643280,104.047,104.085,0.0,0,1740643280080,134,0.0
1740643282,104.041,104.079,0.0,0,1740643282227,134,0.0
1740643283,104.039,104.077,0.0,0,1740643283269,134,0.0
1740643284,104.04,104.078,0.0,0,1740643284599,134,0.0
1740643285,104.034,104.072,0.0,0,1740643285405,134,0.0
1740643286,104.033,104.071,0.0,0,1740643286611,134,0.0
1740643289,104.037,104.075,0.0,0,1740643289337,134,0.0
1740643290,104.038,104.076,0.0,0,1740643290359,134,0.0
1740643292,104.042,104.08,0.0,0,1740643292169,134,0.0
1740643297,104.048,104.086,0.0,0,1740643297094,134,0.0
1740643300,104.047,104.085,0.0,0,1740643300566,134,0.0
1740643301,104.048,104.086,0.0,0,1740643301642,134,0.0
1740643304,104.049,104.087,0.0,0,1740643304393,134,0.0
1740643317,104.048,104.086,0.0,0,1740643317646,134,0.0
1740643318,104.05,104.088,0.0,0,1740643318668,134,0.0
1740643319,104.053,104.091,0.0,0,1740643319704,134,0.0
1740643320,104.055,104.093,0.0,0,1740643320765,134,0.0
1740643321,104.056,104.094,0.0,0,1740643321774,134,0.0
1740643323,104.062,104.1,0.0,0,1740643323054,134,0.0
1740643325,104.059,104.097,0.0,0,1740643325150,134,0.0
1740643330,104.056,104.094,0.0,0,1740643330328,134,0.0
1740643333,104.054,104.092,0.0,0,1740643333228,134,0.0
1740643335,104.06,104.098,0.0,0,1740643335417,134,0.0
1740643336,104.061,104.099,0.0,0,1740643336817,134,0.0
1740643337,104.066,104.104,0.0,0,1740643337911,134,0.0
1740643338,104.072,104.11,0.0,0,1740643338379,134,0.0
1740643339,104.075,104.113,0.0,0,1740643339389,134,0.0
1740643339,104.07,104.108,0.0,0,1740643339682,134,0.0
1740643339,104.064,104.102,0.0,0,1740643339803,134,0.0
1740643341,104.059,104.097,0.0,0,1740643341167,134,0.0
1740643342,104.058,104.096,0.0,0,1740643342479,134,0.0
1740643344,104.057,104.095,0.0,0,1740643344521,134,0.0
1740643349,104.056,104.094,0.0,0,1740643349513,134,0.0
1740643350,104.057,104.095,0.0,0,1740643350670,134,0.0
1740643352,104.058,104.096,0.0,0,1740643352771,134,0.0
1740643353,104.059,104.097,0.0,0,1740643353790,134,0.0
1740643359,104.053,104.091,0.0,0,1740643359362,134,0.0
1740643360,104.051,104.089,0.0,0,1740643360367,134,0.0
1740643361,104.05,104.088,0.0,0,1740643361407,134,0.0
1740643363,104.046,104.084,0.0,0,1740643363760,134,0.0
1740643364,104.044,104.082,0.0,0,1740643364782,134,0.0
1740643365,104.043,104.081,0.0,0,1740643365828,134,0.0
1740643367,104.044,104.082,0.0,0,1740643367788,134,0.0
1740643371,104.041,104.079,0.0,0,1740643371062,134,0.0
1740643372,104.042,104.08,0.0,0,1740643372189,134,0.0
1740643374,104.043,104.081,0.0,0,1740643374370,134,0.0
1740643376,104.044,104.082,0.0,0,1740643376116,134,0.0
1740643377,104.045,104.083,0.0,0,1740643377152,134,0.0
1740643378,104.046,104.084,0.0,0,1740643378303,134,0.0
1740643380,104.048,104.086,0.0,0,1740643380140,134,0.0
1740643381,104.042,104.08,0.0,0,1740643381906,134,0.0
1740643382,104.041,104.079,0.0,0,1740643382927,134,0.0
1740643386,104.038,104.076,0.0,0,1740643386023,134,0.0
1740643387,104.037,104.075,0.0,0,1740643387059,134,0.0
1740643388,104.039,104.077,0.0,0,1740643388154,134,0.0
1740643389,104.035,104.073,0.0,0,1740643389269,134,0.0
1740643389,104.029,104.067,0.0,0,1740643389623,134,0.0
1740643391,104.03,104.068,0.0,0,1740643391831,134,0.0
1740643392,104.028,104.066,0.0,0,1740643392849,134,0.0
1740643393,104.026,104.064,0.0,0,1740643393863,134,0.0
1740643395,104.02,104.058,0.0,0,1740643395243,134,0.0
1740643396,104.018,104.056,0.0,0,1740643396274,134,0.0
1740643396,104.024,104.062,0.0,0,1740643396982,134,0.0
1740643398,104.029,104.067,0.0,0,1740643398027,134,0.0
1740643399,104.028,104.066,0.0,0,1740643399962,134,0.0
1740643400,104.03,104.068,0.0,0,1740643400967,134,0.0
1740643402,104.032,104.07,0.0,0,1740643402998,134,0.0
1740643405,104.031,104.069,0.0,0,1740643405701,134,0.0
1740643406,104.032,104.07,0.0,0,1740643406813,134,0.0
1740643407,104.035,104.073,0.0,0,1740643407893,134,0.0
1740643409,104.037,104.075,0.0,0,1740643409173,134,0.0
1740643410,104.038,104.076,0.0,0,1740643410967,134,0.0
1740643411,104.035,104.073,0.0,0,1740643411980,134,0.0
1740643413,104.032,104.07,0.0,0,1740643413025,134,0.0
1740643414,104.031,104.069,0.0,0,1740643414149,134,0.0
1740643415,104.032,104.07,0.0,0,1740643415503,134,0.0
1740643416,104.033,104.071,0.0,0,1740643416764,134,0.0
1740643418,104.032,104.07,0.0,0,1740643418125,134,0.0
1740643420,104.035,104.073,0.0,0,1740643420186,134,0.0
1740643421,104.033,104.071,0.0,0,1740643421366,134,0.0
1740643422,104.037,104.075,0.0,0,1740643422683,134,0.0
1740643423,104.04,104.078,0.0,0,1740643423926,134,0.0
1740643426,104.039,104.077,0.0,0,1740643426144,134,0.0
1740643430,104.041,104.079,0.0,0,1740643430095,134,0.0
1740643432,104.046,104.084,0.0,0,1740643432113,134,0.0
1740643433,104.042,104.08,0.0,0,1740643433644,134,0.0
1740643435,104.043,104.081,0.0,0,1740643435835,134,0.0
1740643438,104.045,104.083,0.0,0,1740643438020,134,0.0
1740643439,104.042,104.08,0.0,0,1740643439022,134,0.0
1740643440,104.044,104.082,0.0,0,1740643440368,134,0.0
1740643441,104.049,104.087,0.0,0,1740643441408,134,0.0
1740643442,104.051,104.089,0.0,0,1740643442473,134,0.0
1740643443,104.054,104.092,0.0,0,1740643443653,134,0.0
1740643444,104.055,104.093,0.0,0,1740643444792,134,0.0
1740643447,104.056,104.094,0.0,0,1740643447988,134,0.0
1740643450,104.061,104.099,0.0,0,1740643450298,134,0.0
1740643451,104.059,104.097,0.0,0,1740643451374,134,0.0
1740643452,104.058,104.096,0.0,0,1740643452678,134,0.0
1740643454,104.06,104.098,0.0,0,1740643454737,134,0.0
1740643455,104.059,104.097,0.0,0,1740643455779,134,0.0
1740643456,104.057,104.095,0.0,0,1740643456787,134,0.0
1740643457,104.054,104.092,0.0,0,1740643457905,134,0.0
1740643459,104.055,104.093,0.0,0,1740643459111,134,0.0
1740643460,104.058,104.096,0.0,0,1740643460112,134,0.0
1740643460,104.064,104.102,0.0,0,1740643460389,134,0.0
1740643461,104.065,104.103,0.0,0,1740643461418,134,0.0
1740643463,104.063,104.101,0.0,0,1740643463513,134,0.0
1740643466,104.062,104.1,0.0,0,1740643466101,134,0.0
1740643467,104.06,104.098,0.0,0,1740643467137,134,0.0
1740643468,104.062,104.1,0.0,0,1740643468146,134,0.0
1740643473,104.061,104.099,0.0,0,1740643473995,134,0.0
1740643475,104.06,104.098,0.0,0,1740643475052,134,0.0
1740643476,104.062,104.1,0.0,0,1740643476601,134,0.0
1740643477,104.064,104.102,0.0,0,1740643477661,134,0.0
1740643478,104.065,104.103,0.0,0,1740643478931,134,0.0
1740643483,104.067,104.105,0.0,0,1740643483412,134,0.0
1740643485,104.068,104.106,0.0,0,1740643485528,134,0.0
1740643486,104.07,104.108,0.0,0,1740643486846,134,0.0
1740643488,104.064,104.102,0.0,0,1740643488174,134,0.0
1740643490,104.066,104.104,0.0,0,1740643490346,134,0.0
1740643491,104.067,104.105,0.0,0,1740643491354,134,0.0
1740643492,104.068,104.106,0.0,0,1740643492470,134,0.0
1740643493,104.064,104.102,0.0,0,1740643493498,134,0.0
1740643497,104.065,104.103,0.0,0,1740643497258,134,0.0
1740643498,104.067,104.105,0.0,0,1740643498344,134,0.0
1740643499,104.071,104.109,0.0,0,1740643499691,134,0.0
1740643500,104.071,104.109,0.0,0,1740643500724,130,0.0
1740643501,104.065,104.103,0.0,0,1740643501658,134,0.0
1740643502,104.066,104.104,0.0,0,1740643502821,134,0.0
1740643505,104.065,104.103,0.0,0,1740643505400,134,0.0
1740643506,104.064,104.102,0.0,0,1740643506429,134,0.0
1740643508,104.058,104.096,0.0,0,1740643508125,134,0.0
1740643509,104.053,104.091,0.0,0,1740643509285,134,0.0
1740643510,104.056,104.094,0.0,0,1740643510468,134,0.0
1740643511,104.059,104.097,0.0,0,1740643511509,134,0.0
1740643513,104.053,104.091,0.0,0,1740643513491,134,0.0
1740643514,104.054,104.092,0.0,0,1740643514499,134,0.0
1740643515,104.055,104.093,0.0,0,1740643515526,134,0.0
1740643518,104.056,104.094,0.0,0,1740643518119,134,0.0
1740643519,104.06,104.098,0.0,0,1740643519217,134,0.0
1740643519,104.054,104.092,0.0,0,1740643519683,134,0.0
1740643520,104.058,104.096,0.0,0,1740643520699,134,0.0
1740643521,104.059,104.097,0.0,0,1740643521817,134,0.0
1740643523,104.061,104.099,0.0,0,1740643523073,134,0.0
1740643524,104.062,104.1,0.0,0,1740643524608,134,0.0
1740643526,104.063,104.101,0.0,0,1740643526095,134,0.0
1740643527,104.069,104.107,0.0,0,1740643527973,134,0.0
1740643529,104.068,104.106,0.0,0,1740643529371,134,0.0
1740643530,104.065,104.103,0.0,0,1740643530384,134,0.0
1740643533,104.069,104.107,0.0,0,1740643533642,134,0.0
1740643534,104.063,104.101,0.0,0,1740643534586,134,0.0
1740643535,104.058,104.096,0.0,0,1740643535195,134,0.0
1740643537,104.057,104.095,0.0,0,1740643537430,134,0.0
1740643540,104.058,104.096,0.0,0,1740643540584,134,0.0
1740643544,104.06,104.098,0.0,0,1740643544997,134,0.0
1740643546,104.059,104.097,0.0,0,1740643546026,134,0.0
1740643548,104.058,104.096,0.0,0,1740643548427,134,0.0
1740643549,104.059,104.097,0.0,0,1740643549915,134,0.0
1740643550,104.058,104.096,0.0,0,1740643550953,134,0.0
1740643551,104.057,104.095,0.0,0,1740643551975,134,0.0
1740643553,104.056,104.094,0.0,0,1740643553226,134,0.0
1740643555,104.053,104.091,0.0,0,1740643555962,134,0.0
1740643557,104.052,104.09,0.0,0,1740643557522,134,0.0
1740643558,104.054,104.092,0.0,0,1740643558549,134,0.0
1740643561,104.055,104.093,0.0,0,1740643561549,134,0.0
1740643562,104.054,104.092,0.0,0,1740643562585,134,0.0
1740643563,104.05,104.088,0.0,0,1740643563693,134,0.0
1740643567,104.053,104.091,0.0,0,1740643567139,134,0.0
1740643571,104.055,104.093,0.0,0,1740643571130,134,0.0
1740643573,104.057,104.095,0.0,0,1740643573425,134,0.0
1740643574,104.058,104.096,0.0,0,1740643574911,134,0.0
1740643576,104.052,104.09,0.0,0,1740643576438,134,0.0
1740643577,104.049,104.087,0.0,0,1740643577467,134,0.0
1740643578,104.05,104.088,0.0,0,1740643578684,134,0.0
1740643580,104.049,104.087,0.0,0,1740643580097,134,0.0
1740643582,104.046,104.084,0.0,0,1740643582288,134,0.0
1740643583,104.045,104.083,0.0,0,1740643583390,134,0.0
1740643588,104.043,104.081,0.0,0,1740643588241,134,0.0
1740643589,104.041,104.079,0.0,0,1740643589852,134,0.0
1740643591,104.035,104.073,0.0,0,1740643591820,134,0.0
1740643592,104.037,104.075,0.0,0,1740643592933,134,0.0
1740643594,104.038,104.076,0.0,0,1740643594316,134,0.0
1740643596,104.044,104.082,0.0,0,1740643596795,134,0.0
1740643597,104.048,104.086,0.0,0,1740643597976,134,0.0
1740643600,104.051,104.089,0.0,0,1740643600061,134,0.0
1740643602,104.053,104.091,0.0,0,1740643602111,134,0.0
1740643603,104.052,104.09,0.0,0,1740643603218,134,0.0
1740643605,104.054,104.092,0.0,0,1740643605104,134,0.0
1740643611,104.055,104.093,0.0,0,1740643611407,134,0.0
1740643613,104.061,104.099,0.0,0,1740643613352,134,0.0
1740643614,104.062,104.1,0.0,0,1740643614547,134,0.0
1740643615,104.061,104.099,0.0,0,1740643615550,134,0.0
1740643617,104.06,104.098,0.0,0,1740643617739,134,0.0
1740643619,104.062,104.1,0.0,0,1740643619295,134,0.0
1740643620,104.063,104.101,0.0,0,1740643620382,134,0.0
1740643624,104.059,104.097,0.0,0,1740643624911,134,0.0
1740643627,104.06,104.098,0.0,0,1740643627615,134,0.0
1740643628,104.059,104.097,0.0,0,1740643628692,134,0.0
1740643629,104.056,104.094,0.0,0,1740643629737,134,0.0
1740643629,104.062,104.1,0.0,0,1740643629856,134,0.0
1740643630,104.063,104.101,0.0,0,1740643630865,134,0.0
1740643632,104.061,104.099,0.0,0,1740643632538,134,0.0
1740643633,104.063,104.101,0.0,0,1740643633568,134,0.0
1740643635,104.064,104.102,0.0,0,1740643635790,134,0.0
1740643637,104.063,104.101,0.0,0,1740643637527,134,0.0
1740643639,104.058,104.096,0.0,0,1740643639663,134,0.0
1740643641,104.061,104.099,0.0,0,1740643641099,134,0.0
1740643643,104.067,104.105,0.0,0,1740643643840,134,0.0
1740643644,104.065,104.103,0.0,0,1740643644857,134,0.0
1740643647,104.064,104.102,0.0,0,1740643647067,134,0.0
1740643648,104.065,104.103,0.0,0,1740643648070,134,0.0
1740643649,104.063,104.101,0.0,0,1740643649080,134,0.0
1740643650,104.06,104.098,0.0,0,1740643650307,134,0.0
1740643651,104.058,104.096,0.0,0,1740643651822,134,0.0
1740643652,104.057,104.095,0.0,0,1740643652830,134,0.0
1740643653,104.054,104.092,0.0,0,1740643653847,134,0.0
1740643655,104.053,104.091,0.0,0,1740643655163,134,0.0
1740643656,104.051,104.089,0.0,0,1740643656188,134,0.0
1740643658,104.05,104.088,0.0,0,1740643658910,134,0.0
1740643661,104.049,104.087,0.0,0,1740643661242,134,0.0
1740643662,104.045,104.083,0.0,0,1740643662612,134,0.0
1740643663,104.043,104.081,0.0,0,1740643663615,134,0.0
1740643664,104.046,104.084,0.0,0,1740643664622,134,0.0
1740643665,104.045,104.083,0.0,0,1740643665637,134,0.0
1740643667,104.049,104.087,0.0,0,1740643667758,134,0.0
1740643668,104.051,104.089,0.0,0,1740643668958,134,0.0
1740643670,104.052,104.09,0.0,0,1740643670093,134,0.0
1740643674,104.051,104.089,0.0,0,1740643674517,134,0.0
1740643675,104.052,104.09,0.0,0,1740643675719,134,0.0
1740643676,104.054,104.092,0.0,0,1740643676761,134,0.0
1740643677,104.059,104.097,0.0,0,1740643677539,134,0.0
1740643678,104.061,104.099,0.0,0,1740643678762,134,0.0
1740643681,104.061,104.099,0.0,0,1740643681242,130,0.0
1740643682,104.06,104.098,0.0,0,1740643682280,134,0.0
1740643683,104.059,104.097,0.0,0,1740643683386,134,0.0
1740643687,104.058,104.096,0.0,0,1740643687243,134,0.0
1740643688,104.059,104.097,0.0,0,1740643688456,134,0.0
1740643689,104.06,104.098,0.0,0,1740643689522,134,0.0
1740643690,104.061,104.099,0.0,0,1740643690541,134,0.0
1740643691,104.067,104.105,0.0,0,1740643691940,134,0.0
1740643695,104.066,104.104,0.0,0,1740643695069,134,0.0
1740643697,104.067,104.105,0.0,0,1740643697553,134,0.0
1740643698,104.069,104.107,0.0,0,1740643698559,134,0.0
1740643699,104.07,104.108,0.0,0,1740643699682,134,0.0
1740643700,104.069,104.107,0.0,0,1740643700694,134,0.0
1740643703,104.068,104.106,0.0,0,1740643703015,134,0.0
1740643703,104.062,104.1,0.0,0,1740643703291,134,0.0
1740643705,104.061,104.099,0.0,0,1740643705506,134,0.0
1740643708,104.057,104.095,0.0,0,1740643708145,134,0.0
1740643712,104.055,104.093,0.0,0,1740643712540,134,0.0
1740643718,104.058,104.096,0.0,0,1740643718297,134,0.0
1740643719,104.053,104.091,0.0,0,1740643719304,134,0.0
1740643720,104.057,104.095,0.0,0,1740643720561,134,0.0
1740643721,104.059,104.097,0.0,0,1740643721670,134,0.0
1740643722,104.06,104.098,0.0,0,1740643722943,134,0.0
1740643725,104.059,104.097,0.0,0,1740643725809,134,0.0
1740643726,104.058,104.096,0.0,0,1740643726815,134,0.0
1740643728,104.059,104.097,0.0,0,1740643728996,134,0.0
1740643734,104.065,104.103,0.0,0,1740643734461,134,0.0
1740643736,104.064,104.102,0.0,0,1740643736532,134,0.0
1740643736,104.07,104.108,0.0,0,1740643736736,134,0.0
1740643737,104.069,104.107,0.0,0,1740643737905,134,0.0
1740643738,104.068,104.106,0.0,0,1740643738942,134,0.0
1740643740,104.067,104.105,0.0,0,1740643740970,134,0.0
1740643743,104.066,104.104,0.0,0,1740643743154,134,0.0
1740643744,104.067,104.105,0.0,0,1740643744229,134,0.0
1740643745,104.064,104.102,0.0,0,1740643745244,134,0.0
1740643746,104.062,104.1,0.0,0,1740643746261,134,0.0
1740643748,104.061,104.099,0.0,0,1740643748490,134,0.0
1740643749,104.058,104.096,0.0,0,1740643749523,134,0.0
1740643750,104.06,104.098,0.0,0,1740643750787,134,0.0
1740643752,104.061,104.099,0.0,0,1740643752084,134,0.0
1740643753,104.06,104.098,0.0,0,1740643753138,134,0.0
1740643756,104.059,104.097,0.0,0,1740643756173,134,0.0
1740643757,104.057,104.095,0.0,0,1740643757242,134,0.0
1740643758,104.056,104.094,0.0,0,1740643758302,134,0.0
1740643759,104.051,104.089,0.0,0,1740643759340,134,0.0
1740643760,104.05,104.088,0.0,0,1740643760731,134,0.0
1740643765,104.051,104.089,0.0,0,1740643765041,134,0.0
1740643766,104.054,104.092,0.0,0,1740643766066,134,0.0
1740643767,104.058,104.096,0.0,0,1740643767080,134,0.0
1740643768,104.061,104.099,0.0,0,1740643768125,134,0.0
1740643769,104.057,104.095,0.0,0,1740643769296,134,0.0
1740643770,104.058,104.096,0.0,0,1740643770374,134,0.0
1740643771,104.059,104.097,0.0,0,1740643771434,134,0.0
1740643772,104.057,104.095,0.0,0,1740643772608,134,0.0
1740643774,104.056,104.094,0.0,0,1740643774718,134,0.0
1740643776,104.06,104.098,0.0,0,1740643776850,134,0.0
1740643777,104.061,104.099,0.0,0,1740643777960,134,0.0
1740643779,104.062,104.1,0.0,0,1740643779076,134,0.0
1740643780,104.066,104.104,0.0,0,1740643780103,134,0.0
1740643781,104.065,104.103,0.0,0,1740643781648,134,0.0
1740643783,104.063,104.101,0.0,0,1740643783738,134,0.0
1740643784,104.064,104.102,0.0,0,1740643784811,134,0.0
1740643785,104.061,104.099,0.0,0,1740643785820,134,0.0
1740643786,104.055,104.093,0.0,0,1740643786261,134,0.0
1740643787,104.053,104.091,0.0,0,1740643787262,134,0.0
1740643789,104.05,104.088,0.0,0,1740643789610,134,0.0
1740643794,104.048,104.086,0.0,0,1740643794058,134,0.0
1740643795,104.047,104.085,0.0,0,1740643795161,134,0.0
1740643796,104.046,104.084,0.0,0,1740643796176,134,0.0
1740643799,104.047,104.085,0.0,0,1740643799713,134,0.0
1740643800,104.047,104.085,0.0,0,1740643800720,130,0.0
1740643801,104.042,104.08,0.0,0,1740643801723,134,0.0
1740643802,104.041,104.079,0.0,0,1740643802819,134,0.0
1740643804,104.038,104.076,0.0,0,1740643804009,134,0.0
1740643807,104.04,104.078,0.0,0,1740643807189,134,0.0
1740643808,104.042,104.08,0.0,0,1740643808404,134,0.0
1740643809,104.044,104.082,0.0,0,1740643809420,134,0.0
1740643810,104.043,104.081,0.0,0,1740643810531,134,0.0
1740643814,104.039,104.077,0.0,0,1740643814476,134,0.0
1740643815,104.04,104.078,0.0,0,1740643815653,134,0.0
1740643816,104.038,104.076,0.0,0,1740643816706,134,0.0
1740643818,104.04,104.078,0.0,0,1740643818831,134,0.0
1740643819,104.046,104.084,0.0,0,1740643819805,134,0.0
1740643820,104.051,104.089,0.0,0,1740643820810,134,0.0
1740643821,104.048,104.086,0.0,0,1740643821896,134,0.0
1740643822,104.051,104.089,0.0,0,1740643822917,134,0.0
1740643823,104.053,104.091,0.0,0,1740643823931,134,0.0
1740643824,104.054,104.092,0.0,0,1740643824961,134,0.0
1740643825,104.058,104.096,0.0,0,1740643825970,134,0.0
1740643826,104.057,104.095,0.0,0,1740643826978,134,0.0
1740643828,104.058,104.096,0.0,0,1740643828017,134,0.0
1740643830,104.057,104.095,0.0,0,1740643830793,134,0.0
1740643831,104.061,104.099,0.0,0,1740643831891,134,0.0
1740643835,104.062,104.1,0.0,0,1740643835210,134,0.0
1740643839,104.068,104.106,0.0,0,1740643839772,134,0.0
1740643840,104.069,104.107,0.0,0,1740643840826,134,0.0
1740643844,104.07,104.108,0.0,0,1740643844479,134,0.0
1740643845,104.068,104.106,0.0,0,1740643845490,134,0.0
1740643846,104.067,104.105,0.0,0,1740643846564,134,0.0
1740643847,104.063,104.101,0.0,0,1740643847565,134,0.0
1740643851,104.068,104.106,0.0,0,1740643851028,134,0.0
1740643854,104.067,104.105,0.0,0,1740643854161,134,0.0
1740643854,104.061,104.099,0.0,0,1740643854634,134,0.0
1740643855,104.059,104.097,0.0,0,1740643855876,134,0.0
1740643857,104.054,104.092,0.0,0,1740643857035,134,0.0
1740643857,104.048,104.086,0.0,0,1740643857446,134,0.0
1740643858,104.047,104.085,0.0,0,1740643858899,134,0.0
1740643860,104.041,104.079,0.0,0,1740643860750,134,0.0
1740643861,104.039,104.077,0.0,0,1740643861831,134,0.0
1740643862,104.04,104.078,0.0,0,1740643862904,134,0.0
1740643864,104.039,104.077,0.0,0,1740643864597,134,0.0
1740643866,104.036,104.074,0.0,0,1740643866713,134,0.0
1740643867,104.038,104.076,0.0,0,1740643867842,134,0.0
1740643869,104.034,104.072,0.0,0,1740643869949,134,0.0
1740643871,104.032,104.07,0.0,0,1740643871983,134,0.0
1740643873,104.031,104.069,0.0,0,1740643873103,134,0.0
1740643876,104.03,104.068,0.0,0,1740643876275,134,0.0
1740643877,104.033,104.071,0.0,0,1740643877537,134,0.0
1740643878,104.036,104.074,0.0,0,1740643878613,134,0.0
1740643879,104.035,104.073,0.0,0,1740643879637,134,0.0
1740643880,104.041,104.079,0.0,0,1740643880380,134,0.0
1740643881,104.04,104.078,0.0,0,1740643881493,134,0.0
1740643882,104.041,104.079,0.0,0,1740643882593,134,0.0
1740643883,104.039,104.077,0.0,0,1740643883654,134,0.0
1740643888,104.041,104.079,0.0,0,1740643888009,134,0.0
1740643891,104.044,104.082,0.0,0,1740643891146,134,0.0
1740643892,104.043,104.081,0.0,0,1740643892156,134,0.0
1740643894,104.044,104.082,0.0,0,1740643894525,134,0.0
1740643895,104.04,104.078,0.0,0,1740643895532,134,0.0
1740643896,104.041,104.079,0.0,0,1740643896572,134,0.0
1740643899,104.04,104.078,0.0,0,1740643899151,134,0.0
1740643901,104.043,104.081,0.0,0,1740643901372,134,0.0
1740643902,104.044,104.082,0.0,0,1740643902937,134,0.0
1740643906,104.045,104.083,0.0,0,1740643906443,134,0.0
1740643907,104.05,104.088,0.0,0,1740643907459,134,0.0
1740643911,104.045,104.083,0.0,0,1740643911340,134,0.0
1740643912,104.044,104.082,0.0,0,1740643912367,134,0.0
1740643913,104.043,104.081,0.0,0,1740643913936,134,0.0
1740643913,104.038,104.076,0.0,0,1740643913967,134,0.0
1740643914,104.034,104.072,0.0,0,1740643914973,134,0.0
1740643917,104.032,104.07,0.0,0,1740643917124,134,0.0
1740643918,104.03,104.068,0.0,0,1740643918173,134,0.0
1740643918,104.024,104.062,0.0,0,1740643918303,134,0.0
1740643919,104.025,104.063,0.0,0,1740643919403,134,0.0
1740643920,104.027,104.065,0.0,0,1740643920422,134,0.0
1740643921,104.024,104.062,0.0,0,1740643921439,134,0.0
1740643922,104.018,104.056,0.0,0,1740643922181,134,0.0
1740643923,104.02,104.058,0.0,0,1740643923213,134,0.0
1740643923,104.026,104.064,0.0,0,1740643923245,134,0.0
1740643924,104.023,104.061,0.0,0,1740643924295,134,0.0
1740643925,104.021,104.059,0.0,0,1740643925338,134,0.0
1740643927,104.019,104.057,0.0,0,1740643927591,134,0.0
1740643929,104.021,104.059,0.0,0,1740643929774,134,0.0
1740643931,104.023,104.061,0.0,0,1740643931108,134,0.0
1740643933,104.029,104.067,0.0,0,1740643933163,134,0.0
1740643934,104.034,104.072,0.0,0,1740643934181,134,0.0
1740643935,104.037,104.075,0.0,0,1740643935191,134,0.0
1740643936,104.042,104.08,0.0,0,1740643936192,134,0.0
1740643937,104.038,104.076,0.0,0,1740643937228,134,0.0
1740643940,104.04,104.078,0.0,0,1740643940374,134,0.0
1740643941,104.037,104.075,0.0,0,1740643941440,134,0.0
1740643943,104.036,104.074,0.0,0,1740643943530,134,0.0
1740643945,104.035,104.073,0.0,0,1740643945044,134,0.0
1740643946,104.036,104.074,0.0,0,1740643946165,134,0.0
1740643948,104.035,104.073,0.0,0,1740643948289,134,0.0
1740643949,104.03,104.068,0.0,0,1740643949260,134,0.0
1740643950,104.028,104.066,0.0,0,1740643950320,134,0.0
1740643952,104.026,104.064,0.0,0,1740643952500,134,0.0
1740643953,104.032,104.07,0.0,0,1740643953463,134,0.0
1740643954,104.038,104.076,0.0,0,1740643954070,134,0.0
1740643955,104.042,104.08,0.0,0,1740643955097,134,0.0
1740643955,104.048,104.086,0.0,0,1740643955798,134,0.0
1740643957,104.049,104.087,0.0,0,1740643957949,134,0.0
1740643958,104.052,104.09,0.0,0,1740643958968,134,0.0
1740643961,104.055,104.093,0.0,0,1740643961016,134,0.0
1740643962,104.053,104.091,0.0,0,1740643962180,134,0.0
1740643963,104.054,104.092,0.0,0,1740643963305,134,0.0
1740643965,104.053,104.091,0.0,0,1740643965725,134,0.0
1740643969,104.052,104.09,0.0,0,1740643969249,134,0.0
1740643975,104.053,104.091,0.0,0,1740643975558,134,0.0
1740643976,104.051,104.089,0.0,0,1740643976582,134,0.0
1740643977,104.048,104.086,0.0,0,1740643977620,134,0.0
1740643978,104.047,104.085,0.0,0,1740643978621,134,0.0
1740643981,104.048,104.086,0.0,0,1740643981106,134,0.0
1740643982,104.047,104.085,0.0,0,1740643982325,134,0.0
1740643983,104.045,104.083,0.0,0,1740643983492,134,0.0
1740643984,104.044,104.082,0.0,0,1740643984694,134,0.0
1740643985,104.045,104.083,0.0,0,1740643985761,134,0.0
1740643986,104.044,104.082,0.0,0,1740643986763,134,0.0
1740643987,104.047,104.085,0.0,0,1740643987798,134,0.0
1740643989,104.046,104.084,0.0,0,1740643989012,134,0.0
1740643990,104.045,104.083,0.0,0,1740643990013,134,0.0
1740643991,104.046,104.084,0.0,0,1740643991030,134,0.0
1740643993,104.047,104.085,0.0,0,1740643993372,134,0.0
1740643994,104.046,104.084,0.0,0,1740643994372,134,0.0
1740643994,104.052,104.09,0.0,0,1740643994762,134,0.0
1740643995,104.054,104.092,0.0,0,1740643995879,134,0.0
1740643996,104.048,104.086,0.0,0,1740643996884,134,0.0
1740643997,104.046,104.084,0.0,0,1740643997901,134,0.0
1740644001,104.045,104.083,0.0,0,1740644001240,134,0.0
1740644002,104.047,104.085,0.0,0,1740644002269,134,0.0
1740644003,104.052,104.09,0.0,0,1740644003271,134,0.0
1740644004,104.05,104.088,0.0,0,1740644004416,134,0.0
1740644005,104.046,104.084,0.0,0,1740644005446,134,0.0
1740644006,104.048,104.086,0.0,0,1740644006470,134,0.0
1740644007,104.049,104.087,0.0,0,1740644007569,134,0.0
1740644012,104.054,104.092,0.0,0,1740644012150,134,0.0
1740644012,104.059,104.097,0.0,0,1740644012315,134,0.0
1740644013,104.061,104.099,0.0,0,1740644013382,134,0.0
1740644015,104.062,104.1,0.0,0,1740644015523,134,0.0
1740644016,104.061,104.099,0.0,0,1740644016744,134,0.0
1740644017,104.063,104.101,0.0,0,1740644017805,134,0.0
1740644020,104.064,104.102,0.0,0,1740644020163,134,0.0
1740644021,104.063,104.101,0.0,0,1740644021286,134,0.0
1740644024,104.067,104.105,0.0,0,1740644024607,134,0.0
1740644025,104.066,104.104,0.0,0,1740644025990,134,0.0
1740644027,104.065,104.103,0.0,0,1740644027089,134,0.0
1740644028,104.07,104.108,0.0,0,1740644028137,134,0.0
1740644029,104.069,104.107,0.0,0,1740644029233,134,0.0
1740644030,104.067,104.105,0.0,0,1740644030471,134,0.0
1740644031,104.061,104.099,0.0,0,1740644031276,134,0.0
1740644032,104.057,104.095,0.0,0,1740644032279,134,0.0
1740644033,104.059,104.097,0.0,0,1740644033470,134,0.0
1740644034,104.064,104.102,0.0,0,1740644034208,134,0.0
1740644035,104.067,104.105,0.0,0,1740644035289,134,0.0
1740644036,104.063,104.101,0.0,0,1740644036447,134,0.0
1740644037,104.062,104.1,0.0,0,1740644037458,134,0.0
1740644039,104.059,104.097,0.0,0,1740644039689,134,0.0
1740644041,104.058,104.096,0.0,0,1740644041239,134,0.0
1740644042,104.057,104.095,0.0,0,1740644042243,134,0.0
1740644044,104.055,104.093,0.0,0,1740644044347,134,0.0
1740644045,104.05,104.088,0.0,0,1740644045667,134,0.0
1740644047,104.043,104.081,0.0,0,1740644047547,134,0.0
1740644048,104.042,104.08,0.0,0,1740644048563,134,0.0
1740644049,104.044,104.082,0.0,0,1740644049636,134,0.0
1740644050,104.048,104.086,0.0,0,1740644050637,134,0.0
1740644051,104.054,104.092,0.0,0,1740644051325,134,0.0
1740644052,104.051,104.089,0.0,0,1740644052380,134,0.0
1740644053,104.05,104.088,0.0,0,1740644053396,134,0.0
1740644054,104.055,104.093,0.0,0,1740644054529,134,0.0
1740644055,104.056,104.094,0.0,0,1740644055638,134,0.0
1740644056,104.057,104.095,0.0,0,1740644056810,134,0.0
1740644057,104.061,104.099,0.0,0,1740644057852,134,0.0
1740644059,104.063,104.101,0.0,0,1740644059705,134,0.0
1740644060,104.067,104.105,0.0,0,1740644060725,134,0.0
1740644061,104.068,104.106,0.0,0,1740644061837,134,0.0
1740644062,104.072,104.11,0.0,0,1740644062876,134,0.0
1740644063,104.073,104.111,0.0,0,1740644063890,134,0.0
1740644064,104.07,104.108,0.0,0,1740644064917,134,0.0
1740644066,104.069,104.107,0.0,0,1740644066135,134,0.0
1740644067,104.071,104.109,0.0,0,1740644067148,134,0.0
1740644070,104.072,104.11,0.0,0,1740644070940,134,0.0
1740644072,104.073,104.111,0.0,0,1740644072252,134,0.0
1740644073,104.072,104.11,0.0,0,1740644073312,134,0.0
1740644074,104.071,104.109,0.0,0,1740644074879,134,0.0
1740644076,104.077,104.115,0.0,0,1740644076883,134,0.0
1740644078,104.075,104.113,0.0,0,1740644078005,134,0.0
1740644080,104.074,104.112,0.0,0,1740644080169,134,0.0
1740644082,104.077,104.115,0.0,0,1740644082223,134,0.0
1740644083,104.078,104.116,0.0,0,1740644083338,134,0.0
1740644084,104.073,104.111,0.0,0,1740644084344,134,0.0
1740644084,104.079,104.117,0.0,0,1740644084783,134,0.0
1740644085,104.081,104.119,0.0,0,1740644085816,134,0.0
1740644087,104.083,104.121,0.0,0,1740644087084,134,0.0
1740644090,104.078,104.116,0.0,0,1740644090181,134,0.0
1740644091,104.079,104.117,0.0,0,1740644091188,134,0.0
1740644092,104.078,104.116,0.0,0,1740644092276,134,0.0
