time,bid,ask,last,volume,time_msc,flags,volume_real
1740597823,1.05108,1.05111,0.0,0,1740597823225,134,0.0
1740597824,1.05107,1.0511,0.0,0,1740597824872,134,0.0
1740597825,1.05106,1.05109,0.0,0,1740597825864,134,0.0
1740597826,1.05109,1.05112,0.0,0,1740597826524,134,0.0
1740597827,1.0511,1.05113,0.0,0,1740597827185,134,0.0
1740597827,1.05109,1.05112,0.0,0,1740597827844,134,0.0
1740597828,1.05107,1.0511,0.0,0,1740597828506,134,0.0
1740597829,1.05109,1.05112,0.0,0,1740597829825,134,0.0
1740597830,1.0511,1.05113,0.0,0,1740597830154,134,0.0
1740597830,1.05111,1.05114,0.0,0,1740597830485,134,0.0
1740597830,1.05113,1.05116,0.0,0,1740597830814,134,0.0
1740597833,1.05115,1.05118,0.0,0,1740597833783,134,0.0
1740597835,1.05116,1.05119,0.0,0,1740597835432,134,0.0
1740597836,1.05113,1.05116,0.0,0,1740597836092,134,0.0
1740597836,1.05114,1.05117,0.0,0,1740597836424,134,0.0
1740597836,1.05113,1.05116,0.0,0,1740597836753,134,0.0
1740597837,1.05114,1.05117,0.0,0,1740597837085,134,0.0
1740597837,1.05115,1.05118,0.0,0,1740597837414,134,0.0
1740597839,1.05116,1.05119,0.0,0,1740597839395,134,0.0
1740597839,1.05115,1.05118,0.0,0,1740597839726,134,0.0
1740597840,1.05115,1.05118,0.0,0,1740597840055,130,0.0
1740597841,1.05116,1.05119,0.0,0,1740597841374,134,0.0
1740597841,1.05117,1.0512,0.0,0,1740597841707,134,0.0
1740597842,1.05116,1.05119,0.0,0,1740597842363,134,0.0
1740597843,1.05111,1.05114,0.0,0,1740597843353,134,0.0
1740597844,1.0511,1.05113,0.0,0,1740597844015,134,0.0
1740597844,1.05109,1.05112,0.0,0,1740597844018,134,0.0
1740597844,1.05114,1.05117,0.0,0,1740597844346,134,0.0
1740597845,1.05115,1.05118,0.0,0,1740597845996,134,0.0
1740597846,1.05116,1.05119,0.0,0,1740597846324,134,0.0
1740597847,1.05117,1.0512,0.0,0,1740597847980,134,0.0
1740597849,1.05114,1.05117,0.0,0,1740597849954,134,0.0
1740597850,1.05116,1.05119,0.0,0,1740597850283,134,0.0
1740597850,1.05115,1.05118,0.0,0,1740597850616,134,0.0
1740597851,1.05116,1.05119,0.0,0,1740597851602,134,0.0
1740597851,1.05117,1.0512,0.0,0,1740597851933,134,0.0
1740597854,1.05112,1.05115,0.0,0,1740597854248,134,0.0
1740597854,1.05116,1.05119,0.0,0,1740597854907,134,0.0
1740597856,1.05111,1.05114,0.0,0,1740597856890,134,0.0
1740597857,1.0511,1.05113,0.0,0,1740597857213,134,0.0
1740597857,1.05112,1.05115,0.0,0,1740597857876,134,0.0
1740597858,1.05111,1.05114,0.0,0,1740597858204,134,0.0
1740597861,1.05112,1.05115,0.0,0,1740597861835,134,0.0
1740597862,1.05116,1.05119,0.0,0,1740597862165,134,0.0
1740597863,1.05117,1.0512,0.0,0,1740597863167,134,0.0
1740597864,1.05121,1.05124,0.0,0,1740597864145,134,0.0
1740597864,1.05126,1.05129,0.0,0,1740597864475,134,0.0
1740597864,1.05127,1.0513,0.0,0,1740597864478,134,0.0
1740597864,1.05126,1.05129,0.0,0,1740597864809,134,0.0
1740597865,1.05128,1.05131,0.0,0,1740597865132,134,0.0
1740597867,1.05132,1.05135,0.0,0,1740597867445,134,0.0
1740597867,1.05133,1.05136,0.0,0,1740597867773,134,0.0
1740597869,1.05134,1.05137,0.0,0,1740597869095,134,0.0
1740597869,1.05133,1.05136,0.0,0,1740597869425,134,0.0
1740597872,1.05132,1.05135,0.0,0,1740597872393,134,0.0
1740597874,1.05127,1.0513,0.0,0,1740597874375,134,0.0
1740597874,1.05125,1.05128,0.0,0,1740597874378,134,0.0
1740597874,1.05126,1.05129,0.0,0,1740597874704,134,0.0
1740597875,1.05127,1.0513,0.0,0,1740597875032,134,0.0
1740597876,1.05131,1.05134,0.0,0,1740597876354,134,0.0
1740597876,1.0513,1.05133,0.0,0,1740597876684,134,0.0
1740597877,1.05132,1.05135,0.0,0,1740597877013,134,0.0
1740597877,1.05131,1.05134,0.0,0,1740597877033,134,0.0
1740597878,1.05132,1.05135,0.0,0,1740597878336,134,0.0
1740597878,1.05131,1.05134,0.0,0,1740597878663,134,0.0
1740597878,1.05132,1.05135,0.0,0,1740597878994,134,0.0
1740597879,1.05133,1.05136,0.0,0,1740597879652,134,0.0
1740597880,1.05132,1.05135,0.0,0,1740597880644,134,0.0
1740597880,1.05133,1.05136,0.0,0,1740597880975,134,0.0
1740597881,1.05132,1.05135,0.0,0,1740597881970,134,0.0
1740597882,1.05133,1.05136,0.0,0,1740597882622,134,0.0
1740597885,1.05132,1.05135,0.0,0,1740597885265,134,0.0
1740597888,1.05128,1.05131,0.0,0,1740597888234,134,0.0
1740597888,1.05127,1.0513,0.0,0,1740597888563,134,0.0
1740597889,1.05126,1.05129,0.0,0,1740597889885,134,0.0
1740597890,1.05124,1.05127,0.0,0,1740597890215,134,0.0
1740597890,1.05125,1.05128,0.0,0,1740597890545,134,0.0
1740597891,1.05126,1.05129,0.0,0,1740597891210,134,0.0
1740597891,1.05127,1.0513,0.0,0,1740597891533,134,0.0
1740597895,1.05121,1.05124,0.0,0,1740597895164,134,0.0
1740597895,1.05122,1.05125,0.0,0,1740597895492,134,0.0
1740597896,1.0512299999999999,1.05126,0.0,0,1740597896814,134,0.0
1740597897,1.05122,1.05125,0.0,0,1740597897142,134,0.0
1740597899,1.05127,1.0513,0.0,0,1740597899123,134,0.0
1740597899,1.05128,1.05131,0.0,0,1740597899785,134,0.0
1740597900,1.05129,1.05132,0.0,0,1740597900114,134,0.0
1740597900,1.05135,1.05138,0.0,0,1740597900444,134,0.0
1740597901,1.05133,1.05136,0.0,0,1740597901107,134,0.0
1740597901,1.05134,1.05137,0.0,0,1740597901433,134,0.0
1740597902,1.05133,1.05136,0.0,0,1740597902092,134,0.0
1740597902,1.05135,1.05138,0.0,0,1740597902422,134,0.0
1740597903,1.05133,1.05136,0.0,0,1740597903085,134,0.0
1740597903,1.05132,1.05135,0.0,0,1740597903415,134,0.0
1740597904,1.05133,1.05136,0.0,0,1740597904402,134,0.0
1740597911,1.05127,1.0513,0.0,0,1740597911995,134,0.0
1740597911,1.05126,1.05129,0.0,0,1740597911998,134,0.0
1740597914,1.05127,1.0513,0.0,0,1740597914967,134,0.0
1740597916,1.05126,1.05129,0.0,0,1740597916283,134,0.0
1740597921,1.0512299999999999,1.05126,0.0,0,1740597921234,134,0.0
1740597921,1.05122,1.05125,0.0,0,1740597921892,134,0.0
1740597922,1.05121,1.05124,0.0,0,1740597922553,134,0.0
1740597923,1.05122,1.05125,0.0,0,1740597923544,134,0.0
1740597926,1.0512299999999999,1.05126,0.0,0,1740597926513,134,0.0
1740597926,1.05121,1.05124,0.0,0,1740597926841,134,0.0
1740597927,1.05122,1.05125,0.0,0,1740597927174,134,0.0
1740597927,1.0512299999999999,1.05126,0.0,0,1740597927178,134,0.0
1740597928,1.05122,1.05125,0.0,0,1740597928164,134,0.0
1740597929,1.05121,1.05124,0.0,0,1740597929154,134,0.0
1740597929,1.05125,1.05128,0.0,0,1740597929485,134,0.0
1740597929,1.05127,1.0513,0.0,0,1740597929814,134,0.0
1740597930,1.05129,1.05132,0.0,0,1740597930143,134,0.0
1740597930,1.0513,1.05133,0.0,0,1740597930473,134,0.0
1740597930,1.05131,1.05134,0.0,0,1740597930481,134,0.0
1740597930,1.05132,1.05135,0.0,0,1740597930804,134,0.0
1740597931,1.05128,1.05131,0.0,0,1740597931463,134,0.0
1740597932,1.05126,1.05129,0.0,0,1740597932454,134,0.0
1740597933,1.05125,1.05128,0.0,0,1740597933442,134,0.0
1740597936,1.05124,1.05127,0.0,0,1740597936413,134,0.0
1740597936,1.05125,1.05128,0.0,0,1740597936743,134,0.0
1740597937,1.05127,1.0513,0.0,0,1740597937074,134,0.0
1740597938,1.05121,1.05124,0.0,0,1740597938064,134,0.0
1740597942,1.0512,1.0512299999999999,0.0,0,1740597942024,134,0.0
1740597942,1.05121,1.05124,0.0,0,1740597942684,134,0.0
1740597946,1.0512,1.0512299999999999,0.0,0,1740597946313,134,0.0
1740597946,1.05118,1.05121,0.0,0,1740597946643,134,0.0
1740597947,1.05119,1.05122,0.0,0,1740597947303,134,0.0
1740597947,1.0512,1.0512299999999999,0.0,0,1740597947631,134,0.0
1740597947,1.05117,1.0512,0.0,0,1740597947965,134,0.0
1740597948,1.05118,1.05121,0.0,0,1740597948622,134,0.0
1740597949,1.05119,1.05122,0.0,0,1740597949629,134,0.0
1740597949,1.05118,1.05121,0.0,0,1740597949944,134,0.0
1740597950,1.0512299999999999,1.05126,0.0,0,1740597950604,134,0.0
1740597950,1.05126,1.05129,0.0,0,1740597950936,134,0.0
1740597951,1.05125,1.05128,0.0,0,1740597951924,134,0.0
1740597954,1.05128,1.05131,0.0,0,1740597954233,134,0.0
1740597954,1.05127,1.0513,0.0,0,1740597954562,134,0.0
1740597955,1.0513,1.05133,0.0,0,1740597955223,134,0.0
1740597955,1.05132,1.05135,0.0,0,1740597955882,134,0.0
1740597956,1.05127,1.0513,0.0,0,1740597956873,134,0.0
1740597959,1.05128,1.05131,0.0,0,1740597959182,134,0.0
1740597960,1.05128,1.05131,0.0,0,1740597960173,130,0.0
1740597960,1.05129,1.05132,0.0,0,1740597960512,134,0.0
1740597961,1.05128,1.05131,0.0,0,1740597961821,134,0.0
1740597962,1.05127,1.0513,0.0,0,1740597962831,134,0.0
1740597963,1.05125,1.05128,0.0,0,1740597963145,134,0.0
1740597963,1.05126,1.05129,0.0,0,1740597963159,134,0.0
1740597963,1.05125,1.05128,0.0,0,1740597963803,134,0.0
1740597964,1.05127,1.0513,0.0,0,1740597964134,134,0.0
1740597964,1.05128,1.05131,0.0,0,1740597964142,134,0.0
1740597964,1.05129,1.05132,0.0,0,1740597964465,134,0.0
1740597964,1.05122,1.05125,0.0,0,1740597964792,134,0.0
1740597967,1.05121,1.05124,0.0,0,1740597967101,134,0.0
1740597967,1.05122,1.05125,0.0,0,1740597967432,134,0.0
1740597967,1.05128,1.05131,0.0,0,1740597967764,134,0.0
1740597968,1.05129,1.05132,0.0,0,1740597968092,134,0.0
1740597972,1.0513,1.05133,0.0,0,1740597972057,134,0.0
1740597972,1.05129,1.05132,0.0,0,1740597972382,134,0.0
1740597972,1.05132,1.05135,0.0,0,1740597972712,134,0.0
1740597973,1.05133,1.05136,0.0,0,1740597973044,134,0.0
1740597973,1.05132,1.05135,0.0,0,1740597973375,134,0.0
1740597974,1.05133,1.05136,0.0,0,1740597974362,134,0.0
1740597975,1.05132,1.05135,0.0,0,1740597975026,134,0.0
1740597975,1.05126,1.05129,0.0,0,1740597975034,134,0.0
1740597975,1.05125,1.05128,0.0,0,1740597975352,134,0.0
1740597977,1.05127,1.0513,0.0,0,1740597977004,134,0.0
1740597977,1.05126,1.05129,0.0,0,1740597977992,134,0.0
1740597979,1.05125,1.05128,0.0,0,1740597979314,134,0.0
1740597980,1.05126,1.05129,0.0,0,1740597980302,134,0.0
1740597980,1.0512299999999999,1.05126,0.0,0,1740597980963,134,0.0
1740597981,1.05124,1.05127,0.0,0,1740597981624,134,0.0
1740597982,1.0512299999999999,1.05126,0.0,0,1740597982286,134,0.0
1740597983,1.05122,1.05125,0.0,0,1740597983273,134,0.0
1740597983,1.0512299999999999,1.05126,0.0,0,1740597983934,134,0.0
1740597984,1.05121,1.05124,0.0,0,1740597984261,134,0.0
1740597985,1.05122,1.05125,0.0,0,1740597985252,134,0.0
1740597985,1.05118,1.05121,0.0,0,1740597985581,134,0.0
1740597985,1.05119,1.05122,0.0,0,1740597985913,134,0.0
1740597986,1.05117,1.0512,0.0,0,1740597986903,134,0.0
1740597987,1.05118,1.05121,0.0,0,1740597987892,134,0.0
1740597988,1.05119,1.05122,0.0,0,1740597988222,134,0.0
1740597988,1.05121,1.05124,0.0,0,1740597988881,134,0.0
1740597989,1.0512,1.0512299999999999,0.0,0,1740597989542,134,0.0
1740597990,1.05119,1.05122,0.0,0,1740597990202,134,0.0
1740597990,1.0512,1.0512299999999999,0.0,0,1740597990863,134,0.0
1740597993,1.05117,1.0512,0.0,0,1740597993173,134,0.0
1740597993,1.05118,1.05121,0.0,0,1740597993188,134,0.0
1740597993,1.05117,1.0512,0.0,0,1740597993505,134,0.0
1740597994,1.05116,1.05119,0.0,0,1740597994161,134,0.0
1740597995,1.05117,1.0512,0.0,0,1740597995152,134,0.0
1740597996,1.05118,1.05121,0.0,0,1740597996488,134,0.0
1740597997,1.05111,1.05114,0.0,0,1740597997132,134,0.0
1740597997,1.05112,1.05115,0.0,0,1740597997793,134,0.0
1740597999,1.05111,1.05114,0.0,0,1740597999114,134,0.0
1740598003,1.0511,1.05113,0.0,0,1740598003401,134,0.0
1740598004,1.05111,1.05114,0.0,0,1740598004725,134,0.0
1740598005,1.0511,1.05113,0.0,0,1740598005382,134,0.0
1740598006,1.05111,1.05114,0.0,0,1740598006045,134,0.0
1740598006,1.05114,1.05117,0.0,0,1740598006048,134,0.0
1740598006,1.05112,1.05115,0.0,0,1740598006373,134,0.0
1740598009,1.0511,1.05113,0.0,0,1740598009342,134,0.0
1740598010,1.05111,1.05114,0.0,0,1740598010993,134,0.0
1740598011,1.0511,1.05113,0.0,0,1740598011322,134,0.0
1740598012,1.05109,1.05112,0.0,0,1740598012311,134,0.0
1740598013,1.0511,1.05113,0.0,0,1740598013648,134,0.0
1740598013,1.05112,1.05115,0.0,0,1740598013962,134,0.0
1740598015,1.0511,1.05113,0.0,0,1740598015942,134,0.0
1740598017,1.05111,1.05114,0.0,0,1740598017263,134,0.0
1740598017,1.05108,1.05111,0.0,0,1740598017922,134,0.0
1740598019,1.05109,1.05112,0.0,0,1740598019243,134,0.0
1740598019,1.0511,1.05113,0.0,0,1740598019570,134,0.0
1740598019,1.05109,1.05112,0.0,0,1740598019901,134,0.0
1740598020,1.05108,1.05111,0.0,0,1740598020236,134,0.0
1740598021,1.05107,1.0511,0.0,0,1740598021556,134,0.0
1740598021,1.05105,1.05108,0.0,0,1740598021882,134,0.0
1740598022,1.05109,1.05112,0.0,0,1740598022544,134,0.0
1740598023,1.05108,1.05111,0.0,0,1740598023863,134,0.0
1740598024,1.05109,1.05112,0.0,0,1740598024192,134,0.0
1740598024,1.05108,1.05111,0.0,0,1740598024851,134,0.0
1740598025,1.05102,1.05105,0.0,0,1740598025182,134,0.0
1740598036,1.05103,1.05106,0.0,0,1740598036732,134,0.0
1740598037,1.05102,1.05105,0.0,0,1740598037062,134,0.0
1740598038,1.05101,1.05104,0.0,0,1740598038713,134,0.0
1740598040,1.05104,1.05107,0.0,0,1740598040034,134,0.0
1740598043,1.05108,1.05111,0.0,0,1740598043002,134,0.0
1740598043,1.05106,1.05109,0.0,0,1740598043332,134,0.0
1740598043,1.05105,1.05108,0.0,0,1740598043662,134,0.0
1740598043,1.05103,1.05106,0.0,0,1740598043991,134,0.0
1740598044,1.05104,1.05107,0.0,0,1740598044988,134,0.0
1740598045,1.05106,1.05109,0.0,0,1740598045642,134,0.0
1740598047,1.05107,1.0511,0.0,0,1740598047290,134,0.0
1740598048,1.05102,1.05105,0.0,0,1740598048942,134,0.0
1740598053,1.05103,1.05106,0.0,0,1740598053892,134,0.0
1740598055,1.05099,1.05102,0.0,0,1740598055544,134,0.0
1740598056,1.051,1.05103,0.0,0,1740598056862,134,0.0
1740598057,1.05099,1.05102,0.0,0,1740598057193,134,0.0
1740598058,1.05097,1.051,0.0,0,1740598058183,134,0.0
1740598058,1.05098,1.05101,0.0,0,1740598058513,134,0.0
1740598059,1.05097,1.051,0.0,0,1740598059831,134,0.0
1740598060,1.05096,1.05099,0.0,0,1740598060820,134,0.0
1740598061,1.05098,1.05101,0.0,0,1740598061154,134,0.0
1740598061,1.05097,1.051,0.0,0,1740598061482,134,0.0
1740598065,1.05095,1.05098,0.0,0,1740598065116,134,0.0
1740598065,1.05096,1.05099,0.0,0,1740598065441,134,0.0
1740598066,1.05094,1.05097,0.0,0,1740598066104,134,0.0
1740598067,1.05096,1.05099,0.0,0,1740598067090,134,0.0
1740598067,1.05094,1.05097,0.0,0,1740598067423,134,0.0
1740598067,1.05093,1.05096,0.0,0,1740598067756,134,0.0
1740598068,1.05092,1.05095,0.0,0,1740598068088,134,0.0
1740598069,1.05093,1.05096,0.0,0,1740598069402,134,0.0
1740598069,1.05092,1.05095,0.0,0,1740598069734,134,0.0
1740598070,1.05093,1.05096,0.0,0,1740598070392,134,0.0
1740598072,1.05094,1.05097,0.0,0,1740598072373,134,0.0
1740598073,1.05093,1.05096,0.0,0,1740598073363,134,0.0
1740598073,1.05094,1.05097,0.0,0,1740598073692,134,0.0
1740598078,1.05092,1.05095,0.0,0,1740598078313,134,0.0
1740598078,1.05094,1.05097,0.0,0,1740598078643,134,0.0
1740598078,1.05095,1.05098,0.0,0,1740598078659,134,0.0
1740598079,1.05096,1.05099,0.0,0,1740598079302,134,0.0
1740598080,1.05096,1.05099,0.0,0,1740598080293,130,0.0
1740598080,1.05102,1.05105,0.0,0,1740598080620,134,0.0
1740598081,1.05101,1.05104,0.0,0,1740598081613,134,0.0
1740598083,1.05105,1.05108,0.0,0,1740598083590,134,0.0
1740598083,1.05104,1.05107,0.0,0,1740598083931,134,0.0
1740598085,1.05102,1.05105,0.0,0,1740598085243,134,0.0
1740598086,1.0511,1.05113,0.0,0,1740598086893,134,0.0
1740598087,1.05109,1.05112,0.0,0,1740598087219,134,0.0
1740598087,1.05114,1.05117,0.0,0,1740598087555,134,0.0
1740598087,1.05112,1.05115,0.0,0,1740598087882,134,0.0
1740598091,1.05117,1.0512,0.0,0,1740598091513,134,0.0
1740598091,1.05116,1.05119,0.0,0,1740598091847,134,0.0
1740598092,1.05117,1.0512,0.0,0,1740598092173,134,0.0
1740598092,1.05114,1.05117,0.0,0,1740598092503,134,0.0
1740598092,1.05111,1.05114,0.0,0,1740598092506,134,0.0
1740598092,1.05112,1.05115,0.0,0,1740598092834,134,0.0
1740598093,1.05113,1.05116,0.0,0,1740598093164,134,0.0
1740598093,1.05116,1.05119,0.0,0,1740598093491,134,0.0
1740598093,1.05115,1.05118,0.0,0,1740598093500,134,0.0
1740598093,1.05118,1.05121,0.0,0,1740598093823,134,0.0
1740598094,1.05119,1.05122,0.0,0,1740598094153,134,0.0
1740598094,1.0512,1.0512299999999999,0.0,0,1740598094156,134,0.0
1740598094,1.05118,1.05121,0.0,0,1740598094480,134,0.0
1740598094,1.05119,1.05122,0.0,0,1740598094813,134,0.0
1740598095,1.05125,1.05128,0.0,0,1740598095143,134,0.0
1740598095,1.05124,1.05127,0.0,0,1740598095470,134,0.0
1740598095,1.05125,1.05128,0.0,0,1740598095480,134,0.0
1740598095,1.0512299999999999,1.05126,0.0,0,1740598095800,134,0.0
1740598096,1.05119,1.05122,0.0,0,1740598096463,134,0.0
1740598096,1.05118,1.05121,0.0,0,1740598096791,134,0.0
1740598096,1.05116,1.05119,0.0,0,1740598096809,134,0.0
1740598098,1.05117,1.0512,0.0,0,1740598098771,134,0.0
1740598099,1.05114,1.05117,0.0,0,1740598099103,134,0.0
1740598099,1.05115,1.05118,0.0,0,1740598099432,134,0.0
1740598099,1.05114,1.05117,0.0,0,1740598099440,134,0.0
1740598099,1.05115,1.05118,0.0,0,1740598099762,134,0.0
1740598100,1.05114,1.05117,0.0,0,1740598100092,134,0.0
1740598100,1.05119,1.05122,0.0,0,1740598100423,134,0.0
1740598100,1.0512299999999999,1.05126,0.0,0,1740598100753,134,0.0
1740598101,1.05124,1.05127,0.0,0,1740598101411,134,0.0
1740598102,1.05127,1.0513,0.0,0,1740598102401,134,0.0
1740598103,1.05134,1.05137,0.0,0,1740598103393,134,0.0
1740598103,1.05135,1.05138,0.0,0,1740598103403,134,0.0
1740598103,1.05146,1.05149,0.0,0,1740598103720,134,0.0
1740598103,1.05149,1.05152,0.0,0,1740598103742,134,0.0
1740598104,1.05157,1.0516,0.0,0,1740598104052,134,0.0
1740598104,1.05158,1.05161,0.0,0,1740598104060,134,0.0
1740598104,1.0517,1.05173,0.0,0,1740598104383,134,0.0
1740598104,1.05169,1.05172,0.0,0,1740598104386,134,0.0
1740598104,1.05161,1.05164,0.0,0,1740598104714,134,0.0
1740598105,1.05155,1.05158,0.0,0,1740598105042,134,0.0
1740598105,1.05154,1.05157,0.0,0,1740598105044,134,0.0
1740598105,1.05151,1.05154,0.0,0,1740598105376,134,0.0
1740598105,1.0515,1.05153,0.0,0,1740598105379,134,0.0
1740598105,1.05151,1.05154,0.0,0,1740598105704,134,0.0
1740598106,1.05146,1.05149,0.0,0,1740598106030,134,0.0
1740598106,1.05144,1.05147,0.0,0,1740598106047,134,0.0
1740598106,1.05145,1.05148,0.0,0,1740598106364,134,0.0
1740598107,1.05144,1.05147,0.0,0,1740598107022,134,0.0
1740598107,1.05143,1.05146,0.0,0,1740598107352,134,0.0
1740598108,1.05141,1.05144,0.0,0,1740598108013,134,0.0
1740598109,1.05138,1.05141,0.0,0,1740598109991,134,0.0
1740598110,1.05137,1.0514000000000001,0.0,0,1740598110322,134,0.0
1740598110,1.05138,1.05141,0.0,0,1740598110650,134,0.0
1740598110,1.05137,1.0514000000000001,0.0,0,1740598110981,134,0.0
1740598112,1.05134,1.05137,0.0,0,1740598112300,134,0.0
1740598112,1.05135,1.05138,0.0,0,1740598112960,134,0.0
1740598112,1.05136,1.05139,0.0,0,1740598112978,134,0.0
1740598113,1.05135,1.05138,0.0,0,1740598113292,134,0.0
1740598113,1.05136,1.05139,0.0,0,1740598113949,134,0.0
1740598114,1.05138,1.05141,0.0,0,1740598114610,134,0.0
1740598114,1.05145,1.05148,0.0,0,1740598114940,134,0.0
1740598115,1.05146,1.05149,0.0,0,1740598115269,134,0.0
1740598115,1.05145,1.05148,0.0,0,1740598115601,134,0.0
1740598115,1.05146,1.05149,0.0,0,1740598115931,134,0.0
1740598116,1.05143,1.05146,0.0,0,1740598116592,134,0.0
1740598119,1.05142,1.05145,0.0,0,1740598119231,134,0.0
1740598119,1.05143,1.05146,0.0,0,1740598119563,134,0.0
1740598120,1.05138,1.05141,0.0,0,1740598120882,134,0.0
1740598121,1.05137,1.0514000000000001,0.0,0,1740598121214,134,0.0
1740598121,1.05138,1.05141,0.0,0,1740598121541,134,0.0
1740598122,1.05137,1.0514000000000001,0.0,0,1740598122207,134,0.0
1740598122,1.05136,1.05139,0.0,0,1740598122546,134,0.0
1740598122,1.05137,1.0514000000000001,0.0,0,1740598122869,134,0.0
1740598123,1.05138,1.05141,0.0,0,1740598123520,134,0.0
1740598123,1.05139,1.05142,0.0,0,1740598123851,134,0.0
1740598124,1.0514000000000001,1.05143,0.0,0,1740598124183,134,0.0
1740598124,1.05139,1.05142,0.0,0,1740598124195,134,0.0
1740598124,1.05137,1.0514000000000001,0.0,0,1740598124512,134,0.0
1740598124,1.05138,1.05141,0.0,0,1740598124841,134,0.0
1740598126,1.05141,1.05144,0.0,0,1740598126492,134,0.0
1740598126,1.05146,1.05149,0.0,0,1740598126821,134,0.0
1740598127,1.05143,1.05146,0.0,0,1740598127810,134,0.0
1740598128,1.05147,1.0515,0.0,0,1740598128142,134,0.0
1740598128,1.05148,1.05151,0.0,0,1740598128800,134,0.0
1740598129,1.05151,1.05154,0.0,0,1740598129460,134,0.0
1740598129,1.05148,1.05151,0.0,0,1740598129793,134,0.0
1740598130,1.05147,1.0515,0.0,0,1740598130121,134,0.0
1740598130,1.05148,1.05151,0.0,0,1740598130452,134,0.0
1740598131,1.05149,1.05152,0.0,0,1740598131125,134,0.0
1740598131,1.0515,1.05153,0.0,0,1740598131445,134,0.0
1740598131,1.05148,1.05151,0.0,0,1740598131772,134,0.0
1740598132,1.05147,1.0515,0.0,0,1740598132101,134,0.0
1740598132,1.05152,1.05155,0.0,0,1740598132430,134,0.0
1740598132,1.05164,1.05167,0.0,0,1740598132763,134,0.0
1740598133,1.05168,1.05171,0.0,0,1740598133091,134,0.0
1740598133,1.05159,1.05162,0.0,0,1740598133423,134,0.0
1740598133,1.0516,1.05163,0.0,0,1740598133750,134,0.0
1740598134,1.05158,1.05161,0.0,0,1740598134080,134,0.0
1740598134,1.05157,1.0516,0.0,0,1740598134088,134,0.0
1740598134,1.05158,1.05161,0.0,0,1740598134741,134,0.0
1740598135,1.05164,1.05167,0.0,0,1740598135404,134,0.0
1740598135,1.05166,1.05169,0.0,0,1740598135731,134,0.0
1740598136,1.05165,1.05168,0.0,0,1740598136062,134,0.0
1740598137,1.05164,1.05167,0.0,0,1740598137385,134,0.0
1740598138,1.05166,1.05169,0.0,0,1740598138042,134,0.0
1740598138,1.05163,1.05166,0.0,0,1740598138703,134,0.0
1740598139,1.05166,1.05169,0.0,0,1740598139029,134,0.0
1740598139,1.05176,1.05179,0.0,0,1740598139362,134,0.0
1740598139,1.05175,1.05178,0.0,0,1740598139375,134,0.0
1740598139,1.05176,1.05179,0.0,0,1740598139692,134,0.0
1740598139,1.05175,1.05178,0.0,0,1740598139700,134,0.0
1740598140,1.05174,1.05177,0.0,0,1740598140021,134,0.0
1740598140,1.05176,1.05179,0.0,0,1740598140350,134,0.0
1740598140,1.05177,1.0518,0.0,0,1740598140358,134,0.0
1740598141,1.0518,1.05183,0.0,0,1740598141012,134,0.0
1740598141,1.05181,1.0518399999999999,0.0,0,1740598141015,134,0.0
1740598141,1.0518399999999999,1.05187,0.0,0,1740598141670,134,0.0
1740598142,1.05191,1.05194,0.0,0,1740598142329,134,0.0
1740598142,1.05188,1.05192,0.0,0,1740598142661,134,0.0
1740598142,1.05189,1.05192,0.0,0,1740598142671,130,0.0
1740598142,1.05187,1.05191,0.0,0,1740598142990,134,0.0
1740598143,1.05186,1.0519,0.0,0,1740598143012,134,0.0
1740598143,1.05187,1.05191,0.0,0,1740598143324,134,0.0
1740598143,1.05185,1.05189,0.0,0,1740598143338,134,0.0
1740598143,1.05176,1.0518,0.0,0,1740598143655,134,0.0
1740598143,1.05172,1.05175,0.0,0,1740598143664,134,0.0
1740598143,1.05172,1.05176,0.0,0,1740598143980,4,0.0
1740598144,1.05173,1.05176,0.0,0,1740598144314,130,0.0
1740598144,1.05173,1.05177,0.0,0,1740598144641,4,0.0
1740598144,1.05175,1.05178,0.0,0,1740598144972,134,0.0
1740598145,1.05175,1.05179,0.0,0,1740598145300,4,0.0
1740598145,1.05176,1.05179,0.0,0,1740598145314,130,0.0
1740598145,1.05173,1.05176,0.0,0,1740598145962,134,0.0
1740598146,1.05169,1.05173,0.0,0,1740598146291,134,0.0
1740598146,1.0517,1.05174,0.0,0,1740598146619,134,0.0
1740598146,1.05171,1.05174,0.0,0,1740598146637,130,0.0
1740598146,1.05169,1.05173,0.0,0,1740598146951,134,0.0
1740598147,1.05171,1.05174,0.0,0,1740598147281,134,0.0
1740598147,1.05169,1.05172,0.0,0,1740598147611,134,0.0
1740598147,1.05171,1.05175,0.0,0,1740598147941,134,0.0
1740598148,1.05172,1.05176,0.0,0,1740598148274,134,0.0
1740598148,1.05168,1.05172,0.0,0,1740598148601,134,0.0
1740598149,1.05169,1.05173,0.0,0,1740598149259,134,0.0
1740598149,1.05171,1.05175,0.0,0,1740598149590,134,0.0
1740598149,1.05168,1.05171,0.0,0,1740598149920,134,0.0
1740598150,1.0517,1.05173,0.0,0,1740598150581,134,0.0
1740598150,1.05169,1.05173,0.0,0,1740598150598,130,0.0
1740598150,1.0517,1.05174,0.0,0,1740598150910,134,0.0
1740598150,1.0517,1.05173,0.0,0,1740598150922,4,0.0
1740598151,1.05176,1.0518,0.0,0,1740598151242,134,0.0
1740598151,1.05177,1.05181,0.0,0,1740598151573,134,0.0
1740598151,1.05178,1.05182,0.0,0,1740598151901,134,0.0
1740598152,1.0518,1.05183,0.0,0,1740598152232,134,0.0
1740598152,1.0518399999999999,1.05188,0.0,0,1740598152560,134,0.0
1740598152,1.05183,1.05187,0.0,0,1740598152891,134,0.0
1740598153,1.0518,1.0518399999999999,0.0,0,1740598153220,134,0.0
1740598153,1.05183,1.05187,0.0,0,1740598153549,134,0.0
1740598153,1.05183,1.05186,0.0,0,1740598153897,4,0.0
1740598154,1.05182,1.05185,0.0,0,1740598154211,134,0.0
1740598154,1.05178,1.05181,0.0,0,1740598154873,134,0.0
1740598155,1.05177,1.0518,0.0,0,1740598155202,134,0.0
1740598155,1.05178,1.05181,0.0,0,1740598155531,134,0.0
1740598156,1.0518,1.0518399999999999,0.0,0,1740598156191,134,0.0
1740598156,1.0518,1.05183,0.0,0,1740598156199,4,0.0
1740598156,1.05179,1.05182,0.0,0,1740598156521,134,0.0
1740598157,1.05186,1.05189,0.0,0,1740598157181,134,0.0
1740598157,1.05186,1.0519,0.0,0,1740598157186,4,0.0
1740598157,1.05189,1.05192,0.0,0,1740598157512,134,0.0
1740598157,1.05188,1.05191,0.0,0,1740598157842,134,0.0
1740598158,1.05186,1.05189,0.0,0,1740598158500,134,0.0
1740598158,1.05189,1.05192,0.0,0,1740598158832,134,0.0
1740598159,1.05188,1.05191,0.0,0,1740598159162,134,0.0
1740598159,1.05187,1.0519,0.0,0,1740598159822,134,0.0
1740598159,1.05187,1.05191,0.0,0,1740598159825,4,0.0
1740598160,1.05188,1.05192,0.0,0,1740598160810,134,0.0
1740598161,1.05188,1.05191,0.0,0,1740598161142,4,0.0
1740598161,1.05187,1.0519,0.0,0,1740598161472,134,0.0
1740598161,1.05186,1.0519,0.0,0,1740598161802,130,0.0
1740598162,1.05186,1.05189,0.0,0,1740598162131,4,0.0
1740598162,1.05189,1.05192,0.0,0,1740598162461,134,0.0
1740598164,1.05189,1.05193,0.0,0,1740598164112,4,0.0
1740598164,1.0519,1.05194,0.0,0,1740598164124,134,0.0
1740598164,1.05194,1.05197,0.0,0,1740598164771,134,0.0
1740598165,1.05194,1.05198,0.0,0,1740598165101,4,0.0
1740598165,1.05195,1.05199,0.0,0,1740598165431,134,0.0
1740598165,1.05194,1.05198,0.0,0,1740598165762,134,0.0
1740598166,1.05195,1.05198,0.0,0,1740598166091,130,0.0
1740598166,1.05193,1.05197,0.0,0,1740598166109,134,0.0
1740598166,1.05197,1.0520100000000001,0.0,0,1740598166422,134,0.0
1740598166,1.05198,1.0520100000000001,0.0,0,1740598166751,130,0.0
1740598167,1.05197,1.0520100000000001,0.0,0,1740598167741,130,0.0
1740598168,1.05197,1.052,0.0,0,1740598168071,4,0.0
1740598168,1.05196,1.052,0.0,0,1740598168079,130,0.0
1740598168,1.05196,1.05199,0.0,0,1740598168406,4,0.0
1740598169,1.05206,1.05209,0.0,0,1740598169394,134,0.0
1740598169,1.05208,1.05211,0.0,0,1740598169723,134,0.0
1740598169,1.05208,1.05212,0.0,0,1740598169735,4,0.0
1740598170,1.05207,1.05211,0.0,0,1740598170052,134,0.0
1740598170,1.05215,1.05219,0.0,0,1740598170382,134,0.0
1740598170,1.05219,1.05222,0.0,0,1740598170390,134,0.0
1740598170,1.05217,1.05221,0.0,0,1740598170709,134,0.0
1740598171,1.05219,1.05222,0.0,0,1740598171040,134,0.0
1740598171,1.05218,1.05221,0.0,0,1740598171049,134,0.0
1740598171,1.0522,1.05223,0.0,0,1740598171371,134,0.0
1740598171,1.05219,1.05222,0.0,0,1740598171701,134,0.0
1740598172,1.05223,1.05226,0.0,0,1740598172032,134,0.0
1740598173,1.05234,1.05237,0.0,0,1740598173679,134,0.0
1740598174,1.05233,1.05236,0.0,0,1740598174012,134,0.0
1740598174,1.05232,1.05235,0.0,0,1740598174342,134,0.0
1740598174,1.05237,1.0524,0.0,0,1740598174671,134,0.0
1740598175,1.05238,1.05241,0.0,0,1740598175001,134,0.0
1740598175,1.05235,1.05238,0.0,0,1740598175659,134,0.0
1740598175,1.05234,1.05237,0.0,0,1740598175673,134,0.0
1740598175,1.05231,1.05234,0.0,0,1740598175991,134,0.0
1740598176,1.05227,1.0523,0.0,0,1740598176649,134,0.0
1740598176,1.05228,1.05231,0.0,0,1740598176981,134,0.0
1740598177,1.05229,1.05232,0.0,0,1740598177311,134,0.0
1740598177,1.05228,1.05231,0.0,0,1740598177641,134,0.0
1740598177,1.05224,1.05227,0.0,0,1740598177970,134,0.0
1740598178,1.05225,1.05228,0.0,0,1740598178302,134,0.0
1740598178,1.05226,1.05229,0.0,0,1740598178632,134,0.0
1740598179,1.05223,1.05226,0.0,0,1740598179289,134,0.0
1740598179,1.05221,1.05224,0.0,0,1740598179301,134,0.0
1740598179,1.05222,1.05225,0.0,0,1740598179622,134,0.0
1740598179,1.05226,1.05229,0.0,0,1740598179951,134,0.0
1740598179,1.05225,1.05228,0.0,0,1740598179967,134,0.0
1740598180,1.05231,1.05234,0.0,0,1740598180283,134,0.0
1740598180,1.05234,1.05237,0.0,0,1740598180943,134,0.0
1740598181,1.05233,1.05236,0.0,0,1740598181270,134,0.0
1740598181,1.05236,1.05239,0.0,0,1740598181602,134,0.0
1740598181,1.05235,1.05238,0.0,0,1740598181609,134,0.0
1740598182,1.05236,1.05239,0.0,0,1740598182260,134,0.0
1740598182,1.05235,1.05238,0.0,0,1740598182266,134,0.0
1740598182,1.05239,1.05242,0.0,0,1740598182591,134,0.0
1740598182,1.05244,1.05247,0.0,0,1740598182920,134,0.0
1740598183,1.0524,1.05243,0.0,0,1740598183249,134,0.0
1740598183,1.05241,1.05244,0.0,0,1740598183589,134,0.0
1740598183,1.05238,1.05241,0.0,0,1740598183909,134,0.0
1740598183,1.05237,1.0524,0.0,0,1740598183913,134,0.0
1740598184,1.05234,1.05237,0.0,0,1740598184241,134,0.0
1740598184,1.05233,1.05236,0.0,0,1740598184569,134,0.0
1740598184,1.05234,1.05237,0.0,0,1740598184901,134,0.0
1740598185,1.05228,1.05231,0.0,0,1740598185232,134,0.0
1740598185,1.05225,1.05228,0.0,0,1740598185560,134,0.0
1740598186,1.05223,1.05226,0.0,0,1740598186222,134,0.0
1740598186,1.05219,1.05222,0.0,0,1740598186549,134,0.0
1740598186,1.05213,1.05216,0.0,0,1740598186881,134,0.0
1740598187,1.05214,1.05217,0.0,0,1740598187213,134,0.0
1740598187,1.05215,1.05218,0.0,0,1740598187540,134,0.0
1740598187,1.0521,1.05213,0.0,0,1740598187870,134,0.0
1740598187,1.05211,1.05214,0.0,0,1740598187882,134,0.0
1740598188,1.05217,1.0522,0.0,0,1740598188205,134,0.0
1740598188,1.0522,1.05223,0.0,0,1740598188532,134,0.0
1740598188,1.05218,1.05221,0.0,0,1740598188859,134,0.0
1740598189,1.05221,1.05224,0.0,0,1740598189191,134,0.0
1740598189,1.05229,1.05232,0.0,0,1740598189520,134,0.0
1740598190,1.05226,1.05229,0.0,0,1740598190180,134,0.0
1740598190,1.05222,1.05225,0.0,0,1740598190511,134,0.0
1740598190,1.05223,1.05226,0.0,0,1740598190839,134,0.0
1740598191,1.05226,1.05229,0.0,0,1740598191170,134,0.0
1740598191,1.05227,1.0523,0.0,0,1740598191830,134,0.0
1740598192,1.05228,1.05231,0.0,0,1740598192163,134,0.0
1740598192,1.05226,1.05229,0.0,0,1740598192493,134,0.0
1740598193,1.05225,1.05228,0.0,0,1740598193156,134,0.0
1740598193,1.05222,1.05225,0.0,0,1740598193482,134,0.0
1740598193,1.05223,1.05226,0.0,0,1740598193811,134,0.0
1740598194,1.05224,1.05227,0.0,0,1740598194471,134,0.0
1740598194,1.05232,1.05235,0.0,0,1740598194801,134,0.0
1740598195,1.0523,1.05233,0.0,0,1740598195459,134,0.0
1740598195,1.05231,1.05234,0.0,0,1740598195792,134,0.0
1740598196,1.0523,1.05233,0.0,0,1740598196121,134,0.0
1740598196,1.05232,1.05235,0.0,0,1740598196128,134,0.0
1740598196,1.05231,1.05234,0.0,0,1740598196787,134,0.0
1740598197,1.0523,1.05233,0.0,0,1740598197114,134,0.0
1740598197,1.05229,1.05232,0.0,0,1740598197117,134,0.0
1740598197,1.05228,1.05231,0.0,0,1740598197439,134,0.0
1740598198,1.05229,1.05232,0.0,0,1740598198429,134,0.0
1740598198,1.0523,1.05233,0.0,0,1740598198759,134,0.0
1740598199,1.05228,1.05231,0.0,0,1740598199090,134,0.0
1740598199,1.05235,1.05238,0.0,0,1740598199749,134,0.0
1740598199,1.05234,1.05237,0.0,0,1740598199771,134,0.0
1740598200,1.05232,1.05235,0.0,0,1740598200080,134,0.0
1740598200,1.0523,1.05233,0.0,0,1740598200412,134,0.0
1740598200,1.05228,1.05232,0.0,0,1740598200742,134,0.0
1740598201,1.05229,1.05233,0.0,0,1740598201069,134,0.0
1740598201,1.05229,1.05232,0.0,0,1740598201401,4,0.0
1740598201,1.05228,1.05232,0.0,0,1740598201730,130,0.0
1740598202,1.05229,1.05233,0.0,0,1740598202062,134,0.0
1740598202,1.05228,1.05232,0.0,0,1740598202070,134,0.0
1740598202,1.05235,1.05238,0.0,0,1740598202395,134,0.0
1740598202,1.0524,1.05243,0.0,0,1740598202720,134,0.0
1740598203,1.05237,1.0524,0.0,0,1740598203383,134,0.0
1740598203,1.0524,1.05243,0.0,0,1740598203709,134,0.0
1740598204,1.05238,1.05241,0.0,0,1740598204039,134,0.0
1740598204,1.05235,1.05238,0.0,0,1740598204373,134,0.0
1740598204,1.05237,1.0524,0.0,0,1740598204702,134,0.0
1740598204,1.05238,1.05241,0.0,0,1740598204705,134,0.0
1740598205,1.05237,1.0524,0.0,0,1740598205033,134,0.0
1740598205,1.0524499999999999,1.05248,0.0,0,1740598205360,134,0.0
1740598205,1.05247,1.0525,0.0,0,1740598205689,134,0.0
1740598205,1.05248,1.05251,0.0,0,1740598205697,134,0.0
1740598206,1.05247,1.0525,0.0,0,1740598206350,134,0.0
1740598206,1.0525,1.05253,0.0,0,1740598206687,134,0.0
1740598207,1.05247,1.0525,0.0,0,1740598207013,134,0.0
1740598207,1.05244,1.05247,0.0,0,1740598207339,134,0.0
1740598207,1.0524499999999999,1.05248,0.0,0,1740598207356,134,0.0
1740598207,1.05243,1.05246,0.0,0,1740598207669,134,0.0
1740598208,1.0524499999999999,1.05248,0.0,0,1740598208001,134,0.0
1740598208,1.05244,1.05247,0.0,0,1740598208330,134,0.0
1740598208,1.0525,1.05253,0.0,0,1740598208660,134,0.0
1740598208,1.05251,1.05254,0.0,0,1740598208667,134,0.0
1740598208,1.05247,1.0525,0.0,0,1740598208989,134,0.0
1740598209,1.05251,1.05254,0.0,0,1740598209320,134,0.0
1740598209,1.05253,1.05256,0.0,0,1740598209651,134,0.0
1740598209,1.05254,1.05257,0.0,0,1740598209656,134,0.0
1740598209,1.05252,1.05255,0.0,0,1740598209981,134,0.0
1740598210,1.05251,1.05254,0.0,0,1740598210329,134,0.0
1740598210,1.05253,1.05256,0.0,0,1740598210644,134,0.0
1740598210,1.05252,1.05255,0.0,0,1740598210970,134,0.0
1740598211,1.05256,1.05259,0.0,0,1740598211298,134,0.0
1740598211,1.05253,1.05256,0.0,0,1740598211962,134,0.0
1740598212,1.05258,1.05261,0.0,0,1740598212293,134,0.0
1740598212,1.05264,1.05267,0.0,0,1740598212621,134,0.0
1740598212,1.05266,1.05269,0.0,0,1740598212952,134,0.0
1740598212,1.05269,1.05272,0.0,0,1740598212956,134,0.0
1740598213,1.05276,1.05279,0.0,0,1740598213282,134,0.0
1740598213,1.05281,1.05284,0.0,0,1740598213614,134,0.0
1740598213,1.05282,1.05285,0.0,0,1740598213626,134,0.0
1740598213,1.05286,1.05289,0.0,0,1740598213940,134,0.0
1740598214,1.05288,1.05291,0.0,0,1740598214270,134,0.0
1740598214,1.05287,1.0529,0.0,0,1740598214291,134,0.0
1740598214,1.05286,1.05289,0.0,0,1740598214601,134,0.0
1740598214,1.05281,1.05284,0.0,0,1740598214931,134,0.0
1740598215,1.05276,1.05279,0.0,0,1740598215262,134,0.0
1740598215,1.05274,1.05277,0.0,0,1740598215593,134,0.0
1740598215,1.05272,1.05275,0.0,0,1740598215920,134,0.0
1740598216,1.0527,1.05273,0.0,0,1740598216252,134,0.0
1740598216,1.0526200000000001,1.05265,0.0,0,1740598216582,134,0.0
1740598216,1.05263,1.05266,0.0,0,1740598216909,134,0.0
1740598217,1.05258,1.05261,0.0,0,1740598217902,134,0.0
1740598218,1.05254,1.05257,0.0,0,1740598218233,134,0.0
1740598218,1.05247,1.0525,0.0,0,1740598218560,134,0.0
1740598218,1.05248,1.05251,0.0,0,1740598218565,134,0.0
1740598218,1.05244,1.05247,0.0,0,1740598218893,134,0.0
1740598219,1.05248,1.05251,0.0,0,1740598219219,134,0.0
1740598219,1.0525,1.05253,0.0,0,1740598219563,134,0.0
1740598219,1.05247,1.0525,0.0,0,1740598219881,134,0.0
1740598220,1.05243,1.05246,0.0,0,1740598220541,134,0.0
1740598220,1.05239,1.05242,0.0,0,1740598220870,134,0.0
1740598220,1.05238,1.05241,0.0,0,1740598220883,134,0.0
1740598221,1.05236,1.05239,0.0,0,1740598221531,134,0.0
1740598221,1.05237,1.0524,0.0,0,1740598221860,134,0.0
1740598222,1.05236,1.05239,0.0,0,1740598222192,134,0.0
1740598222,1.05231,1.05234,0.0,0,1740598222518,134,0.0
1740598222,1.05232,1.05235,0.0,0,1740598222539,134,0.0
1740598222,1.05229,1.05232,0.0,0,1740598222851,134,0.0
1740598223,1.05228,1.05231,0.0,0,1740598223182,134,0.0
1740598223,1.05227,1.0523,0.0,0,1740598223184,134,0.0
1740598223,1.0523,1.05233,0.0,0,1740598223511,134,0.0
1740598223,1.05231,1.05234,0.0,0,1740598223515,134,0.0
1740598223,1.05228,1.05231,0.0,0,1740598223843,134,0.0
1740598223,1.05229,1.05232,0.0,0,1740598223851,134,0.0
1740598224,1.05236,1.05239,0.0,0,1740598224170,134,0.0
1740598224,1.05237,1.0524,0.0,0,1740598224178,134,0.0
1740598224,1.05236,1.05239,0.0,0,1740598224499,134,0.0
1740598224,1.05232,1.05235,0.0,0,1740598224831,134,0.0
1740598225,1.0523,1.05233,0.0,0,1740598225162,134,0.0
1740598226,1.05222,1.05225,0.0,0,1740598226149,134,0.0
1740598226,1.05223,1.05226,0.0,0,1740598226482,134,0.0
1740598226,1.05222,1.05225,0.0,0,1740598226811,134,0.0
1740598227,1.05221,1.05224,0.0,0,1740598227472,134,0.0
1740598227,1.05222,1.05225,0.0,0,1740598227799,134,0.0
1740598228,1.05226,1.05229,0.0,0,1740598228130,134,0.0
1740598228,1.05227,1.0523,0.0,0,1740598228145,134,0.0
1740598228,1.05235,1.05238,0.0,0,1740598228792,134,0.0
1740598228,1.05234,1.05237,0.0,0,1740598228811,134,0.0
1740598229,1.05238,1.05241,0.0,0,1740598229121,134,0.0
1740598229,1.05231,1.05234,0.0,0,1740598229780,134,0.0
1740598229,1.05232,1.05235,0.0,0,1740598229788,134,0.0
1740598230,1.05222,1.05225,0.0,0,1740598230112,134,0.0
1740598230,1.05221,1.05224,0.0,0,1740598230772,134,0.0
1740598231,1.05218,1.05221,0.0,0,1740598231099,134,0.0
1740598231,1.05217,1.0522,0.0,0,1740598231760,134,0.0
1740598232,1.05218,1.05221,0.0,0,1740598232749,134,0.0
1740598233,1.05223,1.05226,0.0,0,1740598233080,134,0.0
1740598233,1.05224,1.05227,0.0,0,1740598233739,134,0.0
1740598233,1.05227,1.0523,0.0,0,1740598233754,134,0.0
1740598234,1.05228,1.05231,0.0,0,1740598234071,134,0.0
1740598234,1.05231,1.05234,0.0,0,1740598234399,134,0.0
1740598234,1.05232,1.05235,0.0,0,1740598234755,134,0.0
1740598235,1.05244,1.05247,0.0,0,1740598235064,134,0.0
1740598235,1.05241,1.05244,0.0,0,1740598235395,134,0.0
1740598235,1.05243,1.05246,0.0,0,1740598235718,134,0.0
1740598236,1.05239,1.05242,0.0,0,1740598236382,134,0.0
1740598236,1.05241,1.05244,0.0,0,1740598236710,134,0.0
1740598236,1.05242,1.0524499999999999,0.0,0,1740598236727,134,0.0
1740598237,1.05238,1.05241,0.0,0,1740598237041,134,0.0
1740598237,1.05237,1.0524,0.0,0,1740598237700,134,0.0
1740598238,1.0525,1.05253,0.0,0,1740598238030,134,0.0
1740598238,1.05242,1.0524499999999999,0.0,0,1740598238361,134,0.0
1740598238,1.0524,1.05243,0.0,0,1740598238690,134,0.0
1740598239,1.05238,1.05241,0.0,0,1740598239021,134,0.0
1740598239,1.05241,1.05244,0.0,0,1740598239681,134,0.0
1740598240,1.0524,1.05243,0.0,0,1740598240341,134,0.0
1740598240,1.05247,1.0525,0.0,0,1740598240669,134,0.0
1740598241,1.05244,1.05247,0.0,0,1740598241662,134,0.0
1740598242,1.05238,1.05241,0.0,0,1740598242324,134,0.0
1740598242,1.05237,1.0524,0.0,0,1740598242649,134,0.0
1740598242,1.05238,1.05241,0.0,0,1740598242979,134,0.0
1740598243,1.05235,1.05238,0.0,0,1740598243309,134,0.0
1740598243,1.05234,1.05237,0.0,0,1740598243971,134,0.0
1740598244,1.05231,1.05234,0.0,0,1740598244631,134,0.0
1740598244,1.05237,1.0524,0.0,0,1740598244963,134,0.0
1740598245,1.05238,1.05241,0.0,0,1740598245289,134,0.0
1740598245,1.05231,1.05234,0.0,0,1740598245619,134,0.0
1740598245,1.0523,1.05233,0.0,0,1740598245624,134,0.0
1740598245,1.05227,1.0523,0.0,0,1740598245953,134,0.0
1740598246,1.05233,1.05236,0.0,0,1740598246282,134,0.0
1740598246,1.05231,1.05234,0.0,0,1740598246938,134,0.0
1740598247,1.0523,1.05233,0.0,0,1740598247601,134,0.0
1740598247,1.05225,1.05228,0.0,0,1740598247935,134,0.0
1740598248,1.05224,1.05227,0.0,0,1740598248261,134,0.0
1740598248,1.05223,1.05226,0.0,0,1740598248593,134,0.0
1740598249,1.05233,1.05236,0.0,0,1740598249252,134,0.0
1740598249,1.05229,1.05232,0.0,0,1740598249580,134,0.0
1740598249,1.05228,1.05231,0.0,0,1740598249597,134,0.0
1740598250,1.05229,1.05232,0.0,0,1740598250573,134,0.0
1740598251,1.05227,1.0523,0.0,0,1740598251229,134,0.0
1740598251,1.05229,1.05232,0.0,0,1740598251234,134,0.0
1740598251,1.0523,1.05233,0.0,0,1740598251560,134,0.0
1740598251,1.05229,1.05232,0.0,0,1740598251889,134,0.0
1740598252,1.05225,1.05228,0.0,0,1740598252549,134,0.0
1740598253,1.05224,1.05227,0.0,0,1740598253210,134,0.0
1740598253,1.05223,1.05226,0.0,0,1740598253870,134,0.0
1740598254,1.05222,1.05225,0.0,0,1740598254860,134,0.0
1740598255,1.05224,1.05227,0.0,0,1740598255190,134,0.0
1740598255,1.05223,1.05226,0.0,0,1740598255850,134,0.0
1740598256,1.05216,1.05219,0.0,0,1740598256509,134,0.0
1740598256,1.05217,1.0522,0.0,0,1740598256840,134,0.0
1740598257,1.05225,1.05228,0.0,0,1740598257170,134,0.0
1740598257,1.05226,1.05229,0.0,0,1740598257184,134,0.0
1740598257,1.05227,1.0523,0.0,0,1740598257501,134,0.0
1740598257,1.0523,1.05233,0.0,0,1740598257830,134,0.0
1740598257,1.05231,1.05234,0.0,0,1740598257837,134,0.0
1740598258,1.0523,1.05233,0.0,0,1740598258161,134,0.0
1740598258,1.05227,1.0523,0.0,0,1740598258166,134,0.0
1740598258,1.05228,1.05231,0.0,0,1740598258489,134,0.0
1740598258,1.05227,1.0523,0.0,0,1740598258494,134,0.0
1740598259,1.05226,1.05229,0.0,0,1740598259809,134,0.0
1740598260,1.05227,1.0523,0.0,0,1740598260139,134,0.0
1740598260,1.05228,1.05231,0.0,0,1740598260799,134,0.0
1740598261,1.05227,1.0523,0.0,0,1740598261130,134,0.0
1740598261,1.05232,1.05235,0.0,0,1740598261791,134,0.0
1740598262,1.05235,1.05238,0.0,0,1740598262122,134,0.0
1740598262,1.05237,1.0524,0.0,0,1740598262127,134,0.0
1740598262,1.05241,1.05244,0.0,0,1740598262448,134,0.0
1740598263,1.05243,1.05246,0.0,0,1740598263111,134,0.0
1740598263,1.05246,1.05249,0.0,0,1740598263119,134,0.0
1740598263,1.05247,1.0525,0.0,0,1740598263770,134,0.0
1740598264,1.05246,1.05249,0.0,0,1740598264099,134,0.0
1740598264,1.0524499999999999,1.05248,0.0,0,1740598264118,134,0.0
1740598264,1.05247,1.0525,0.0,0,1740598264429,134,0.0
1740598265,1.05248,1.05251,0.0,0,1740598265092,134,0.0
1740598265,1.05254,1.05257,0.0,0,1740598265421,134,0.0
1740598266,1.05253,1.05256,0.0,0,1740598266078,134,0.0
1740598267,1.05252,1.05255,0.0,0,1740598267069,134,0.0
1740598267,1.05251,1.05254,0.0,0,1740598267729,134,0.0
1740598268,1.05253,1.05256,0.0,0,1740598268060,134,0.0
1740598268,1.05252,1.05255,0.0,0,1740598268389,134,0.0
1740598269,1.05247,1.0525,0.0,0,1740598269381,134,0.0
1740598269,1.05248,1.05251,0.0,0,1740598269709,134,0.0
1740598270,1.05261,1.05264,0.0,0,1740598270041,134,0.0
1740598270,1.05267,1.0527,0.0,0,1740598270370,134,0.0
1740598270,1.05266,1.05269,0.0,0,1740598270376,134,0.0
1740598270,1.05263,1.05266,0.0,0,1740598270698,134,0.0
1740598271,1.05257,1.0526,0.0,0,1740598271032,134,0.0
1740598271,1.05258,1.05261,0.0,0,1740598271036,134,0.0
1740598271,1.05259,1.0526200000000001,0.0,0,1740598271359,134,0.0
1740598271,1.0526,1.05263,0.0,0,1740598271365,134,0.0
1740598272,1.05261,1.05264,0.0,0,1740598272020,134,0.0
1740598272,1.0526,1.05263,0.0,0,1740598272351,134,0.0
1740598272,1.05258,1.05261,0.0,0,1740598272684,134,0.0
1740598273,1.05256,1.05259,0.0,0,1740598273011,134,0.0
1740598273,1.05257,1.0526,0.0,0,1740598273017,134,0.0
1740598273,1.05256,1.05259,0.0,0,1740598273339,134,0.0
1740598273,1.05251,1.05254,0.0,0,1740598273678,134,0.0
1740598274,1.05252,1.05255,0.0,0,1740598274002,134,0.0
1740598274,1.05253,1.05256,0.0,0,1740598274007,134,0.0
1740598274,1.0525,1.05253,0.0,0,1740598274331,134,0.0
1740598274,1.05248,1.05251,0.0,0,1740598274990,134,0.0
1740598275,1.05247,1.0525,0.0,0,1740598275326,134,0.0
1740598275,1.05251,1.05254,0.0,0,1740598275650,134,0.0
1740598275,1.05248,1.05251,0.0,0,1740598275980,134,0.0
1740598276,1.0524499999999999,1.05248,0.0,0,1740598276311,134,0.0
1740598276,1.05248,1.05251,0.0,0,1740598276640,134,0.0
1740598276,1.05251,1.05254,0.0,0,1740598276978,134,0.0
1740598277,1.05247,1.0525,0.0,0,1740598277301,134,0.0
1740598277,1.05246,1.05249,0.0,0,1740598277629,134,0.0
1740598277,1.05247,1.0525,0.0,0,1740598277961,134,0.0
1740598278,1.05246,1.05249,0.0,0,1740598278621,134,0.0
1740598279,1.05243,1.05246,0.0,0,1740598279939,134,0.0
1740598280,1.05248,1.05251,0.0,0,1740598280270,134,0.0
1740598280,1.05246,1.05249,0.0,0,1740598280601,134,0.0
1740598280,1.05249,1.05252,0.0,0,1740598280930,134,0.0
1740598281,1.05253,1.05256,0.0,0,1740598281271,134,0.0
1740598281,1.05254,1.05257,0.0,0,1740598281590,134,0.0
1740598283,1.05253,1.05256,0.0,0,1740598283570,134,0.0
1740598284,1.05254,1.05257,0.0,0,1740598284231,134,0.0
1740598284,1.05251,1.05254,0.0,0,1740598284558,134,0.0
1740598284,1.0525,1.05253,0.0,0,1740598284564,134,0.0
1740598285,1.05249,1.05252,0.0,0,1740598285221,134,0.0
1740598285,1.05248,1.05251,0.0,0,1740598285548,134,0.0
1740598286,1.05243,1.05246,0.0,0,1740598286211,134,0.0
1740598286,1.05244,1.05247,0.0,0,1740598286540,134,0.0
1740598286,1.05243,1.05246,0.0,0,1740598286877,134,0.0
1740598287,1.05238,1.05241,0.0,0,1740598287528,134,0.0
1740598287,1.05237,1.0524,0.0,0,1740598287858,134,0.0
1740598288,1.05236,1.05239,0.0,0,1740598288191,134,0.0
1740598288,1.05234,1.05237,0.0,0,1740598288850,134,0.0
1740598289,1.05233,1.05236,0.0,0,1740598289179,134,0.0
1740598289,1.05231,1.05234,0.0,0,1740598289509,134,0.0
1740598289,1.0523,1.05233,0.0,0,1740598289840,134,0.0
1740598289,1.05229,1.05232,0.0,0,1740598289852,134,0.0
1740598290,1.05228,1.05231,0.0,0,1740598290175,134,0.0
1740598290,1.05227,1.0523,0.0,0,1740598290828,134,0.0
1740598291,1.05226,1.05229,0.0,0,1740598291490,134,0.0
1740598291,1.05224,1.05227,0.0,0,1740598291820,134,0.0
1740598292,1.05223,1.05226,0.0,0,1740598292480,134,0.0
1740598292,1.05222,1.05225,0.0,0,1740598292492,134,0.0
1740598292,1.05219,1.05222,0.0,0,1740598292808,134,0.0
1740598293,1.05218,1.05221,0.0,0,1740598293141,134,0.0
1740598293,1.05214,1.05217,0.0,0,1740598293468,134,0.0
1740598294,1.05217,1.0522,0.0,0,1740598294131,134,0.0
1740598294,1.05214,1.05217,0.0,0,1740598294788,134,0.0
1740598296,1.05213,1.05216,0.0,0,1740598296109,134,0.0
1740598296,1.05212,1.05215,0.0,0,1740598296438,134,0.0
1740598297,1.05209,1.05212,0.0,0,1740598297101,134,0.0
1740598297,1.05207,1.0521,0.0,0,1740598297429,134,0.0
1740598298,1.05205,1.05208,0.0,0,1740598298755,134,0.0
1740598299,1.05204,1.05207,0.0,0,1740598299738,134,0.0
1740598300,1.05202,1.05205,0.0,0,1740598300074,134,0.0
1740598301,1.052,1.05203,0.0,0,1740598301060,134,0.0
1740598301,1.05199,1.05202,0.0,0,1740598301387,134,0.0
1740598301,1.05203,1.05206,0.0,0,1740598301719,134,0.0
1740598302,1.0521,1.05213,0.0,0,1740598302378,134,0.0
1740598302,1.05209,1.05212,0.0,0,1740598302715,134,0.0
1740598304,1.05207,1.0521,0.0,0,1740598304028,134,0.0
1740598304,1.05209,1.05212,0.0,0,1740598304032,134,0.0
1740598305,1.05207,1.0521,0.0,0,1740598305022,134,0.0
1740598305,1.05209,1.05212,0.0,0,1740598305364,134,0.0
1740598305,1.05208,1.05211,0.0,0,1740598305679,134,0.0
1740598306,1.05207,1.0521,0.0,0,1740598306011,134,0.0
1740598306,1.05208,1.05211,0.0,0,1740598306019,134,0.0
1740598306,1.05212,1.05215,0.0,0,1740598306339,134,0.0
1740598307,1.05214,1.05217,0.0,0,1740598307002,134,0.0
1740598307,1.05215,1.05218,0.0,0,1740598307330,134,0.0
1740598307,1.05208,1.05211,0.0,0,1740598307664,134,0.0
1740598307,1.0521,1.05213,0.0,0,1740598307989,134,0.0
1740598308,1.05208,1.05211,0.0,0,1740598308649,134,0.0
1740598308,1.05206,1.05209,0.0,0,1740598308980,134,0.0
1740598309,1.05208,1.05211,0.0,0,1740598309641,134,0.0
1740598309,1.05209,1.05212,0.0,0,1740598309644,134,0.0
1740598309,1.05207,1.0521,0.0,0,1740598309970,134,0.0
1740598310,1.05213,1.05216,0.0,0,1740598310629,134,0.0
1740598310,1.05211,1.05214,0.0,0,1740598310632,134,0.0
1740598311,1.0521,1.05213,0.0,0,1740598311633,134,0.0
1740598311,1.05208,1.05211,0.0,0,1740598311949,134,0.0
1740598311,1.05209,1.05212,0.0,0,1740598311965,134,0.0
1740598312,1.05207,1.0521,0.0,0,1740598312280,134,0.0
1740598312,1.05208,1.05211,0.0,0,1740598312293,134,0.0
1740598312,1.05206,1.05209,0.0,0,1740598312611,134,0.0
1740598313,1.05207,1.0521,0.0,0,1740598313935,134,0.0
1740598314,1.05208,1.05211,0.0,0,1740598314591,134,0.0
1740598314,1.05205,1.05208,0.0,0,1740598314920,134,0.0
1740598316,1.05202,1.05205,0.0,0,1740598316900,134,0.0
1740598317,1.052,1.05203,0.0,0,1740598317888,134,0.0
1740598318,1.0520100000000001,1.05204,0.0,0,1740598318227,134,0.0
1740598320,1.05203,1.05206,0.0,0,1740598320200,134,0.0
1740598321,1.05202,1.05205,0.0,0,1740598321191,134,0.0
1740598321,1.052,1.05203,0.0,0,1740598321517,134,0.0
1740598321,1.0520100000000001,1.05204,0.0,0,1740598321849,134,0.0
1740598322,1.05202,1.05205,0.0,0,1740598322509,134,0.0
1740598322,1.05204,1.05207,0.0,0,1740598322847,134,0.0
1740598323,1.0520100000000001,1.05204,0.0,0,1740598323499,134,0.0
1740598324,1.05202,1.05205,0.0,0,1740598324489,134,0.0
1740598326,1.05198,1.0520100000000001,0.0,0,1740598326798,134,0.0
1740598328,1.05194,1.05197,0.0,0,1740598328125,134,0.0
1740598328,1.05193,1.05196,0.0,0,1740598328139,134,0.0
1740598328,1.05192,1.05195,0.0,0,1740598328451,134,0.0
1740598329,1.05191,1.05194,0.0,0,1740598329109,134,0.0
1740598329,1.05189,1.05192,0.0,0,1740598329440,134,0.0
1740598330,1.05188,1.05191,0.0,0,1740598330102,134,0.0
1740598330,1.0519,1.05193,0.0,0,1740598330429,134,0.0
1740598330,1.05188,1.05191,0.0,0,1740598330759,134,0.0
1740598332,1.05187,1.0519,0.0,0,1740598332408,134,0.0
1740598333,1.05183,1.05186,0.0,0,1740598333069,134,0.0
1740598333,1.05182,1.05185,0.0,0,1740598333074,134,0.0
1740598334,1.05185,1.05188,0.0,0,1740598334057,134,0.0
1740598334,1.0518399999999999,1.05187,0.0,0,1740598334072,134,0.0
1740598334,1.05185,1.05188,0.0,0,1740598334390,134,0.0
1740598334,1.05186,1.05189,0.0,0,1740598334718,134,0.0
1740598335,1.0518399999999999,1.05187,0.0,0,1740598335049,134,0.0
1740598336,1.05185,1.05188,0.0,0,1740598336711,134,0.0
1740598337,1.0518399999999999,1.05187,0.0,0,1740598337029,134,0.0
1740598337,1.05182,1.05185,0.0,0,1740598337359,134,0.0
1740598340,1.05181,1.0518399999999999,0.0,0,1740598340000,134,0.0
1740598340,1.05182,1.05185,0.0,0,1740598340329,134,0.0
1740598341,1.05183,1.05186,0.0,0,1740598341649,134,0.0
1740598341,1.05189,1.05192,0.0,0,1740598341981,134,0.0
1740598342,1.05188,1.05191,0.0,0,1740598342639,134,0.0
1740598342,1.05187,1.0519,0.0,0,1740598342969,134,0.0
1740598343,1.05188,1.05191,0.0,0,1740598343302,134,0.0
1740598343,1.05189,1.05192,0.0,0,1740598343629,134,0.0
1740598344,1.05188,1.05191,0.0,0,1740598344289,134,0.0
1740598344,1.05187,1.0519,0.0,0,1740598344297,134,0.0
1740598344,1.05188,1.05191,0.0,0,1740598344620,134,0.0
1740598344,1.05187,1.0519,0.0,0,1740598344634,134,0.0
1740598344,1.05186,1.05189,0.0,0,1740598344949,134,0.0
1740598346,1.05187,1.0519,0.0,0,1740598346271,134,0.0
1740598347,1.05186,1.05189,0.0,0,1740598347259,134,0.0
1740598347,1.05187,1.0519,0.0,0,1740598347918,134,0.0
1740598348,1.05188,1.05191,0.0,0,1740598348580,134,0.0
1740598348,1.05189,1.05192,0.0,0,1740598348592,134,0.0
1740598348,1.05187,1.0519,0.0,0,1740598348908,134,0.0
1740598349,1.05188,1.05191,0.0,0,1740598349251,134,0.0
1740598349,1.05182,1.05185,0.0,0,1740598349570,134,0.0
1740598349,1.05181,1.0518399999999999,0.0,0,1740598349899,134,0.0
1740598350,1.05179,1.05182,0.0,0,1740598350230,134,0.0
1740598350,1.05182,1.05185,0.0,0,1740598350890,134,0.0
1740598351,1.05185,1.05188,0.0,0,1740598351547,134,0.0
1740598351,1.05182,1.05185,0.0,0,1740598351884,134,0.0
1740598352,1.05183,1.05186,0.0,0,1740598352229,134,0.0
1740598352,1.05185,1.05188,0.0,0,1740598352541,134,0.0
1740598352,1.05178,1.05181,0.0,0,1740598352869,134,0.0
1740598352,1.0518,1.05183,0.0,0,1740598352884,134,0.0
1740598353,1.05177,1.0518,0.0,0,1740598353201,134,0.0
1740598353,1.05179,1.05182,0.0,0,1740598353530,134,0.0
1740598353,1.0518,1.05183,0.0,0,1740598353858,134,0.0
1740598354,1.05177,1.0518,0.0,0,1740598354195,134,0.0
1740598354,1.05179,1.05182,0.0,0,1740598354517,134,0.0
1740598354,1.05177,1.0518,0.0,0,1740598354851,134,0.0
1740598355,1.05149,1.05152,0.0,0,1740598355178,134,0.0
1740598355,1.05148,1.05151,0.0,0,1740598355194,134,0.0
1740598355,1.05137,1.0514000000000001,0.0,0,1740598355512,134,0.0
1740598355,1.05136,1.05139,0.0,0,1740598355530,134,0.0
1740598355,1.05125,1.05129,0.0,0,1740598355838,134,0.0
1740598356,1.05128,1.05132,0.0,0,1740598356171,134,0.0
1740598356,1.05136,1.05139,0.0,0,1740598356500,134,0.0
1740598356,1.0512299999999999,1.05126,0.0,0,1740598356827,134,0.0
1740598356,1.05122,1.05125,0.0,0,1740598356842,134,0.0
1740598357,1.05126,1.05129,0.0,0,1740598357160,134,0.0
1740598357,1.05125,1.05128,0.0,0,1740598357178,134,0.0
1740598357,1.05134,1.05137,0.0,0,1740598357490,134,0.0
1740598357,1.05133,1.05136,0.0,0,1740598357504,134,0.0
1740598357,1.05135,1.05138,0.0,0,1740598357821,134,0.0
1740598357,1.05137,1.0514000000000001,0.0,0,1740598357832,134,0.0
1740598358,1.05141,1.05144,0.0,0,1740598358153,134,0.0
1740598358,1.0514000000000001,1.05143,0.0,0,1740598358160,134,0.0
1740598358,1.05132,1.05135,0.0,0,1740598358485,134,0.0
1740598358,1.05129,1.05132,0.0,0,1740598358489,134,0.0
1740598358,1.05139,1.05142,0.0,0,1740598358808,134,0.0
1740598358,1.05138,1.05141,0.0,0,1740598358816,134,0.0
1740598359,1.05139,1.05142,0.0,0,1740598359139,134,0.0
1740598359,1.05143,1.05146,0.0,0,1740598359470,134,0.0
1740598359,1.05151,1.05154,0.0,0,1740598359799,134,0.0
1740598360,1.05154,1.05157,0.0,0,1740598360128,134,0.0
1740598360,1.05157,1.0516,0.0,0,1740598360467,134,0.0
1740598360,1.05158,1.05161,0.0,0,1740598360475,134,0.0
1740598360,1.05157,1.0516,0.0,0,1740598360790,134,0.0
1740598361,1.05158,1.05161,0.0,0,1740598361118,134,0.0
1740598361,1.05157,1.0516,0.0,0,1740598361451,134,0.0
1740598361,1.05158,1.05161,0.0,0,1740598361782,134,0.0
1740598362,1.05164,1.05167,0.0,0,1740598362769,134,0.0
1740598363,1.0516,1.05163,0.0,0,1740598363102,134,0.0
1740598363,1.05161,1.05164,0.0,0,1740598363105,134,0.0
1740598363,1.05164,1.05167,0.0,0,1740598363428,134,0.0
1740598363,1.05158,1.05161,0.0,0,1740598363756,134,0.0
1740598364,1.05157,1.0516,0.0,0,1740598364088,134,0.0
1740598365,1.05155,1.05158,0.0,0,1740598365080,134,0.0
1740598365,1.05157,1.0516,0.0,0,1740598365410,134,0.0
1740598365,1.05156,1.05159,0.0,0,1740598365423,134,0.0
1740598365,1.05149,1.05152,0.0,0,1740598365742,134,0.0
1740598366,1.05148,1.05151,0.0,0,1740598366067,134,0.0
1740598366,1.05149,1.05152,0.0,0,1740598366084,134,0.0
1740598366,1.0514000000000001,1.05143,0.0,0,1740598366401,134,0.0
1740598366,1.05134,1.05137,0.0,0,1740598366730,134,0.0
1740598367,1.05132,1.05135,0.0,0,1740598367063,134,0.0
1740598367,1.05141,1.05144,0.0,0,1740598367392,134,0.0
1740598367,1.05144,1.05147,0.0,0,1740598367406,134,0.0
1740598367,1.05142,1.05145,0.0,0,1740598367720,134,0.0
1740598368,1.05143,1.05146,0.0,0,1740598368049,134,0.0
1740598368,1.05146,1.05149,0.0,0,1740598368379,134,0.0
1740598368,1.05147,1.0515,0.0,0,1740598368393,134,0.0
1740598368,1.05148,1.05151,0.0,0,1740598368710,134,0.0
1740598369,1.05136,1.05139,0.0,0,1740598369039,134,0.0
1740598369,1.05133,1.05136,0.0,0,1740598369051,134,0.0
1740598369,1.05126,1.05129,0.0,0,1740598369700,134,0.0
1740598370,1.05129,1.05132,0.0,0,1740598370030,134,0.0
1740598370,1.05134,1.05137,0.0,0,1740598370360,134,0.0
1740598370,1.05133,1.05136,0.0,0,1740598370688,134,0.0
1740598371,1.05135,1.05138,0.0,0,1740598371019,134,0.0
1740598371,1.05143,1.05146,0.0,0,1740598371680,134,0.0
1740598371,1.0514000000000001,1.05143,0.0,0,1740598371690,134,0.0
1740598372,1.05145,1.05148,0.0,0,1740598372011,134,0.0
1740598372,1.05143,1.05146,0.0,0,1740598372340,134,0.0
1740598372,1.05141,1.05144,0.0,0,1740598372673,134,0.0
1740598372,1.0514000000000001,1.05143,0.0,0,1740598372678,134,0.0
1740598372,1.05135,1.05138,0.0,0,1740598372998,134,0.0
1740598373,1.05126,1.05129,0.0,0,1740598373334,134,0.0
1740598373,1.05121,1.05124,0.0,0,1740598373990,134,0.0
1740598374,1.0512,1.0512299999999999,0.0,0,1740598374319,134,0.0
1740598374,1.05118,1.05121,0.0,0,1740598374648,134,0.0
1740598374,1.05119,1.05122,0.0,0,1740598374666,134,0.0
1740598374,1.05118,1.05121,0.0,0,1740598374993,134,0.0
1740598375,1.05117,1.0512,0.0,0,1740598375309,134,0.0
1740598375,1.05118,1.05121,0.0,0,1740598375321,134,0.0
1740598375,1.05119,1.05122,0.0,0,1740598375644,134,0.0
1740598375,1.05116,1.05119,0.0,0,1740598375970,134,0.0
1740598376,1.05104,1.05107,0.0,0,1740598376301,134,0.0
1740598376,1.05106,1.05109,0.0,0,1740598376309,134,0.0
1740598376,1.05102,1.05105,0.0,0,1740598376629,134,0.0
1740598376,1.05105,1.05108,0.0,0,1740598376964,134,0.0
1740598376,1.05099,1.05102,0.0,0,1740598376978,134,0.0
1740598377,1.05105,1.05108,0.0,0,1740598377289,134,0.0
1740598377,1.05106,1.05109,0.0,0,1740598377297,134,0.0
1740598377,1.05104,1.05107,0.0,0,1740598377618,134,0.0
1740598377,1.05105,1.05108,0.0,0,1740598377630,134,0.0
1740598377,1.05093,1.05096,0.0,0,1740598377948,134,0.0
1740598377,1.05092,1.05095,0.0,0,1740598377957,134,0.0
1740598378,1.05078,1.05081,0.0,0,1740598378283,134,0.0
1740598378,1.05076,1.0507900000000001,0.0,0,1740598378286,134,0.0
1740598378,1.05066,1.0507,0.0,0,1740598378614,134,0.0
1740598378,1.05067,1.05071,0.0,0,1740598378617,134,0.0
1740598378,1.0506199999999999,1.05067,0.0,0,1740598378938,134,0.0
1740598378,1.05061,1.05066,0.0,0,1740598378944,134,0.0
1740598379,1.05073,1.05078,0.0,0,1740598379270,134,0.0
1740598379,1.05072,1.05077,0.0,0,1740598379274,134,0.0
1740598379,1.0506199999999999,1.05065,0.0,0,1740598379601,134,0.0
1740598379,1.0508,1.05083,0.0,0,1740598379928,134,0.0
1740598379,1.05084,1.05087,0.0,0,1740598379936,134,0.0
1740598380,1.05071,1.05074,0.0,0,1740598380257,134,0.0
1740598380,1.05083,1.05086,0.0,0,1740598380587,134,0.0
1740598380,1.05084,1.05087,0.0,0,1740598380590,134,0.0
1740598380,1.05087,1.0509,0.0,0,1740598380918,134,0.0
1740598381,1.05086,1.05089,0.0,0,1740598381247,134,0.0
1740598381,1.05087,1.0509,0.0,0,1740598381267,134,0.0
1740598381,1.05094,1.05097,0.0,0,1740598381580,134,0.0
1740598381,1.05096,1.05099,0.0,0,1740598381593,134,0.0
1740598381,1.05098,1.05101,0.0,0,1740598381908,134,0.0
1740598381,1.05099,1.05102,0.0,0,1740598381925,134,0.0
1740598382,1.05096,1.05099,0.0,0,1740598382569,134,0.0
1740598382,1.05097,1.051,0.0,0,1740598382898,134,0.0
1740598383,1.05088,1.05091,0.0,0,1740598383229,134,0.0
1740598383,1.05089,1.05092,0.0,0,1740598383234,134,0.0
1740598383,1.05092,1.05095,0.0,0,1740598383560,134,0.0
1740598383,1.0509,1.05093,0.0,0,1740598383887,134,0.0
1740598384,1.05085,1.05088,0.0,0,1740598384220,134,0.0
1740598384,1.0508,1.05083,0.0,0,1740598384550,134,0.0
1740598384,1.05074,1.05077,0.0,0,1740598384880,134,0.0
1740598385,1.05069,1.05072,0.0,0,1740598385209,134,0.0
1740598385,1.05065,1.05068,0.0,0,1740598385212,134,0.0
1740598385,1.05077,1.0508,0.0,0,1740598385538,134,0.0
1740598385,1.05076,1.0507900000000001,0.0,0,1740598385555,134,0.0
1740598385,1.05081,1.05084,0.0,0,1740598385869,134,0.0
1740598386,1.05063,1.05066,0.0,0,1740598386198,134,0.0
1740598386,1.05066,1.05069,0.0,0,1740598386215,134,0.0
1740598386,1.05076,1.0507900000000001,0.0,0,1740598386528,134,0.0
1740598386,1.05072,1.05075,0.0,0,1740598386857,134,0.0
1740598386,1.05073,1.05076,0.0,0,1740598386872,134,0.0
1740598387,1.05075,1.05078,0.0,0,1740598387189,134,0.0
1740598387,1.05074,1.05077,0.0,0,1740598387200,134,0.0
1740598387,1.0508,1.05083,0.0,0,1740598387521,134,0.0
1740598387,1.05081,1.05084,0.0,0,1740598387531,134,0.0
1740598387,1.05082,1.05085,0.0,0,1740598387853,134,0.0
1740598387,1.05077,1.0508,0.0,0,1740598387860,134,0.0
1740598388,1.05078,1.05081,0.0,0,1740598388179,134,0.0
1740598388,1.05077,1.0508,0.0,0,1740598388187,134,0.0
1740598388,1.05063,1.05066,0.0,0,1740598388518,134,0.0
1740598388,1.0506199999999999,1.05065,0.0,0,1740598388526,134,0.0
1740598388,1.05058,1.05064,0.0,0,1740598388839,134,0.0
1740598388,1.05057,1.0506199999999999,0.0,0,1740598388847,134,0.0
1740598389,1.05055,1.05061,0.0,0,1740598389170,134,0.0
1740598389,1.05051,1.05057,0.0,0,1740598389497,134,0.0
1740598389,1.05052,1.05057,0.0,0,1740598389503,130,0.0
1740598389,1.0505,1.05053,0.0,0,1740598389827,134,0.0
1740598390,1.05052,1.05055,0.0,0,1740598390161,134,0.0
1740598390,1.05055,1.05058,0.0,0,1740598390498,134,0.0
1740598390,1.05057,1.0506,0.0,0,1740598390500,134,0.0
1740598390,1.05061,1.05064,0.0,0,1740598390817,134,0.0
1740598391,1.0506199999999999,1.05065,0.0,0,1740598391479,134,0.0
1740598391,1.05053,1.05056,0.0,0,1740598391809,134,0.0
1740598392,1.05036,1.05039,0.0,0,1740598392139,134,0.0
1740598392,1.05037,1.0504,0.0,0,1740598392467,134,0.0
1740598392,1.05036,1.05039,0.0,0,1740598392473,134,0.0
1740598392,1.05041,1.05044,0.0,0,1740598392798,134,0.0
1740598392,1.05045,1.05048,0.0,0,1740598392802,134,0.0
1740598393,1.05043,1.05046,0.0,0,1740598393127,134,0.0
1740598393,1.05041,1.05044,0.0,0,1740598393458,134,0.0
1740598393,1.05043,1.05046,0.0,0,1740598393787,134,0.0
1740598394,1.05041,1.05044,0.0,0,1740598394119,134,0.0
1740598394,1.05045,1.05048,0.0,0,1740598394448,134,0.0
1740598394,1.05046,1.05049,0.0,0,1740598394466,134,0.0
1740598394,1.05054,1.05057,0.0,0,1740598394777,134,0.0
1740598395,1.05057,1.0506,0.0,0,1740598395441,134,0.0
1740598395,1.05055,1.05058,0.0,0,1740598395768,134,0.0
1740598396,1.0506,1.05063,0.0,0,1740598396430,134,0.0
1740598396,1.05042,1.05045,0.0,0,1740598396760,134,0.0
1740598397,1.05041,1.05044,0.0,0,1740598397417,134,0.0
1740598397,1.0504,1.05043,0.0,0,1740598397432,134,0.0
1740598397,1.05041,1.05044,0.0,0,1740598397747,134,0.0
1740598398,1.05045,1.05048,0.0,0,1740598398082,134,0.0
1740598398,1.0505,1.05053,0.0,0,1740598398408,134,0.0
1740598398,1.05046,1.05049,0.0,0,1740598398737,134,0.0
1740598398,1.05047,1.0505,0.0,0,1740598398741,134,0.0
1740598399,1.05035,1.05038,0.0,0,1740598399070,134,0.0
1740598399,1.05036,1.05039,0.0,0,1740598399399,134,0.0
1740598399,1.05037,1.0504,0.0,0,1740598399402,134,0.0
1740598399,1.05035,1.05038,0.0,0,1740598399727,134,0.0
1740598400,1.05047,1.0505,0.0,0,1740598400065,134,0.0
1740598400,1.05046,1.05049,0.0,0,1740598400073,134,0.0
1740598400,1.05045,1.05048,0.0,0,1740598400390,134,0.0
1740598400,1.05054,1.05057,0.0,0,1740598400717,134,0.0
1740598401,1.05045,1.05048,0.0,0,1740598401049,134,0.0
1740598401,1.05044,1.05047,0.0,0,1740598401078,134,0.0
1740598401,1.05042,1.05045,0.0,0,1740598401379,134,0.0
1740598401,1.05048,1.05051,0.0,0,1740598401718,134,0.0
1740598401,1.0505,1.05053,0.0,0,1740598401727,134,0.0
1740598402,1.05053,1.05056,0.0,0,1740598402040,134,0.0
1740598402,1.05049,1.05052,0.0,0,1740598402370,134,0.0
1740598402,1.05041,1.05044,0.0,0,1740598402697,134,0.0
1740598402,1.05042,1.05045,0.0,0,1740598402714,134,0.0
1740598403,1.05039,1.05042,0.0,0,1740598403031,134,0.0
1740598403,1.05033,1.05036,0.0,0,1740598403357,134,0.0
1740598403,1.0503,1.05033,0.0,0,1740598403688,134,0.0
1740598404,1.05023,1.05026,0.0,0,1740598404018,134,0.0
1740598404,1.0501800000000001,1.05021,0.0,0,1740598404032,134,0.0
1740598404,1.05014,1.05017,0.0,0,1740598404350,134,0.0
1740598404,1.0502,1.05023,0.0,0,1740598404678,134,0.0
1740598404,1.05021,1.05024,0.0,0,1740598404684,134,0.0
1740598405,1.05014,1.05017,0.0,0,1740598405010,134,0.0
1740598405,1.0503,1.05033,0.0,0,1740598405340,134,0.0
1740598405,1.05026,1.05029,0.0,0,1740598405667,134,0.0
1740598405,1.0501,1.05013,0.0,0,1740598405996,134,0.0
1740598406,1.05003,1.05006,0.0,0,1740598406326,134,0.0
1740598406,1.05008,1.05011,0.0,0,1740598406665,134,0.0
1740598406,1.04997,1.05,0.0,0,1740598406987,134,0.0
1740598407,1.0498,1.04983,0.0,0,1740598407320,134,0.0
1740598407,1.04985,1.04988,0.0,0,1740598407652,134,0.0
1740598407,1.04987,1.0499,0.0,0,1740598407665,134,0.0
1740598407,1.0499,1.04993,0.0,0,1740598407980,134,0.0
1740598407,1.04989,1.04992,0.0,0,1740598407985,134,0.0
1740598408,1.04996,1.04999,0.0,0,1740598408309,134,0.0
1740598408,1.04995,1.04998,0.0,0,1740598408325,134,0.0
1740598408,1.0499,1.04993,0.0,0,1740598408640,134,0.0
1740598408,1.04989,1.04992,0.0,0,1740598408657,134,0.0
1740598408,1.04993,1.04996,0.0,0,1740598408970,134,0.0
1740598408,1.04992,1.04995,0.0,0,1740598408974,134,0.0
1740598409,1.04999,1.05002,0.0,0,1740598409626,134,0.0
1740598409,1.04994,1.04997,0.0,0,1740598409960,134,0.0
1740598410,1.0500099999999999,1.05004,0.0,0,1740598410624,134,0.0
1740598410,1.05,1.05003,0.0,0,1740598410628,134,0.0
1740598411,1.05003,1.05006,0.0,0,1740598411279,134,0.0
1740598411,1.05004,1.05007,0.0,0,1740598411296,134,0.0
1740598411,1.05007,1.0501,0.0,0,1740598411609,134,0.0
1740598411,1.05016,1.05019,0.0,0,1740598411937,134,0.0
1740598412,1.05015,1.0501800000000001,0.0,0,1740598412267,134,0.0
1740598412,1.0501800000000001,1.05021,0.0,0,1740598412598,134,0.0
1740598412,1.05015,1.0501800000000001,0.0,0,1740598412614,134,0.0
1740598412,1.05019,1.05022,0.0,0,1740598412929,134,0.0
1740598412,1.05021,1.05024,0.0,0,1740598412943,134,0.0
1740598413,1.04999,1.05002,0.0,0,1740598413260,134,0.0
1740598413,1.05002,1.05005,0.0,0,1740598413267,134,0.0
1740598413,1.04998,1.0500099999999999,0.0,0,1740598413589,134,0.0
1740598413,1.05002,1.05005,0.0,0,1740598413922,134,0.0
1740598414,1.05,1.05003,0.0,0,1740598414247,134,0.0
1740598414,1.04996,1.04999,0.0,0,1740598414579,134,0.0
1740598414,1.0499,1.04993,0.0,0,1740598414911,134,0.0
1740598415,1.04997,1.05,0.0,0,1740598415236,134,0.0
1740598415,1.0499,1.04993,0.0,0,1740598415568,134,0.0
1740598415,1.04991,1.04994,0.0,0,1740598415899,134,0.0
1740598416,1.04981,1.04984,0.0,0,1740598416229,134,0.0
1740598416,1.0498,1.04983,0.0,0,1740598416236,134,0.0
1740598416,1.04977,1.0498,0.0,0,1740598416559,134,0.0
1740598416,1.04976,1.04979,0.0,0,1740598416895,134,0.0
1740598417,1.04982,1.04985,0.0,0,1740598417547,134,0.0
1740598417,1.04983,1.04986,0.0,0,1740598417878,134,0.0
1740598418,1.04978,1.04981,0.0,0,1740598418209,134,0.0
1740598418,1.04982,1.04985,0.0,0,1740598418869,134,0.0
1740598419,1.04983,1.04986,0.0,0,1740598419555,134,0.0
1740598419,1.0499,1.04993,0.0,0,1740598419860,134,0.0
1740598419,1.04989,1.04992,0.0,0,1740598419870,134,0.0
1740598420,1.04994,1.04997,0.0,0,1740598420188,134,0.0
1740598420,1.0500099999999999,1.05004,0.0,0,1740598420521,134,0.0
1740598420,1.04999,1.05002,0.0,0,1740598420848,134,0.0
1740598420,1.04998,1.0500099999999999,0.0,0,1740598420862,134,0.0
1740598421,1.04996,1.04999,0.0,0,1740598421180,134,0.0
1740598421,1.04997,1.05,0.0,0,1740598421190,134,0.0
1740598421,1.04996,1.04999,0.0,0,1740598421510,134,0.0
1740598421,1.05,1.05003,0.0,0,1740598421837,134,0.0
1740598421,1.04999,1.05002,0.0,0,1740598421843,134,0.0
1740598422,1.04998,1.0500099999999999,0.0,0,1740598422169,134,0.0
1740598422,1.04999,1.05002,0.0,0,1740598422179,134,0.0
1740598422,1.04998,1.0500099999999999,0.0,0,1740598422500,134,0.0
1740598422,1.04996,1.04999,0.0,0,1740598422839,134,0.0
1740598423,1.04997,1.05,0.0,0,1740598423165,134,0.0
1740598423,1.05004,1.05007,0.0,0,1740598423819,134,0.0
1740598424,1.05015,1.0501800000000001,0.0,0,1740598424148,134,0.0
1740598424,1.05016,1.05019,0.0,0,1740598424476,134,0.0
1740598424,1.05017,1.0502,0.0,0,1740598424808,134,0.0
1740598425,1.05011,1.05014,0.0,0,1740598425139,134,0.0
1740598425,1.05015,1.0501800000000001,0.0,0,1740598425467,134,0.0
1740598425,1.05012,1.05015,0.0,0,1740598425486,134,0.0
1740598425,1.05007,1.0501,0.0,0,1740598425796,134,0.0
1740598426,1.05008,1.05011,0.0,0,1740598426131,134,0.0
1740598426,1.0499,1.04993,0.0,0,1740598426789,134,0.0
1740598427,1.04994,1.04997,0.0,0,1740598427123,134,0.0
1740598427,1.04995,1.04998,0.0,0,1740598427126,134,0.0
1740598427,1.04994,1.04997,0.0,0,1740598427449,134,0.0
1740598427,1.04995,1.04998,0.0,0,1740598427778,134,0.0
1740598427,1.04994,1.04997,0.0,0,1740598427784,134,0.0
1740598428,1.04993,1.04996,0.0,0,1740598428108,134,0.0
1740598428,1.04985,1.04988,0.0,0,1740598428766,134,0.0
1740598429,1.04965,1.04968,0.0,0,1740598429101,134,0.0
1740598429,1.04961,1.04964,0.0,0,1740598429428,134,0.0
1740598429,1.04965,1.04968,0.0,0,1740598429758,134,0.0
1740598430,1.0497,1.04973,0.0,0,1740598430087,134,0.0
1740598430,1.04968,1.04971,0.0,0,1740598430419,134,0.0
1740598430,1.0498,1.04983,0.0,0,1740598430749,134,0.0
1740598431,1.04979,1.04982,0.0,0,1740598431080,134,0.0
1740598431,1.04978,1.04981,0.0,0,1740598431407,134,0.0
1740598431,1.04979,1.04982,0.0,0,1740598431412,134,0.0
1740598431,1.04972,1.04975,0.0,0,1740598431740,134,0.0
1740598431,1.04973,1.04976,0.0,0,1740598431744,134,0.0
1740598432,1.04978,1.04981,0.0,0,1740598432072,134,0.0
1740598432,1.04979,1.04982,0.0,0,1740598432401,134,0.0
1740598433,1.04988,1.04991,0.0,0,1740598433069,134,0.0
1740598433,1.04987,1.0499,0.0,0,1740598433389,134,0.0
1740598433,1.04988,1.04991,0.0,0,1740598433721,134,0.0
1740598434,1.04984,1.04987,0.0,0,1740598434050,134,0.0
1740598434,1.04987,1.0499,0.0,0,1740598434060,134,0.0
1740598434,1.04988,1.04991,0.0,0,1740598434389,134,0.0
1740598435,1.04987,1.0499,0.0,0,1740598435038,134,0.0
1740598435,1.0497,1.04973,0.0,0,1740598435371,134,0.0
1740598435,1.04968,1.04971,0.0,0,1740598435375,134,0.0
1740598435,1.04976,1.04979,0.0,0,1740598435698,134,0.0
1740598436,1.04981,1.04984,0.0,0,1740598436031,134,0.0
1740598436,1.04982,1.04985,0.0,0,1740598436361,134,0.0
1740598436,1.04984,1.04987,0.0,0,1740598436688,134,0.0
1740598436,1.04985,1.04988,0.0,0,1740598436705,134,0.0
1740598437,1.04986,1.04989,0.0,0,1740598437019,134,0.0
1740598437,1.04994,1.04997,0.0,0,1740598437351,134,0.0
1740598437,1.04992,1.04995,0.0,0,1740598437678,134,0.0
1740598438,1.04993,1.04996,0.0,0,1740598438340,134,0.0
1740598438,1.04992,1.04995,0.0,0,1740598438669,134,0.0
1740598438,1.04993,1.04996,0.0,0,1740598438999,134,0.0
1740598439,1.04995,1.04998,0.0,0,1740598439329,134,0.0
1740598440,1.04993,1.04996,0.0,0,1740598440317,134,0.0
1740598440,1.04994,1.04997,0.0,0,1740598440335,134,0.0
1740598440,1.05,1.05003,0.0,0,1740598440980,134,0.0
1740598440,1.05002,1.05005,0.0,0,1740598440995,134,0.0
1740598441,1.05014,1.05017,0.0,0,1740598441308,134,0.0
1740598441,1.0501,1.05013,0.0,0,1740598441970,134,0.0
1740598442,1.05011,1.05014,0.0,0,1740598442296,134,0.0
1740598442,1.05009,1.05012,0.0,0,1740598442310,134,0.0
1740598442,1.05005,1.05008,0.0,0,1740598442959,134,0.0
1740598443,1.05004,1.05007,0.0,0,1740598443289,134,0.0
1740598443,1.05002,1.05005,0.0,0,1740598443617,134,0.0
1740598443,1.05004,1.05007,0.0,0,1740598443950,134,0.0
1740598444,1.05008,1.05011,0.0,0,1740598444279,134,0.0
1740598444,1.05009,1.05012,0.0,0,1740598444609,134,0.0
1740598444,1.05011,1.05014,0.0,0,1740598444615,134,0.0
1740598444,1.05015,1.0501800000000001,0.0,0,1740598444936,134,0.0
1740598445,1.0502,1.05023,0.0,0,1740598445269,134,0.0
1740598445,1.05028,1.05031,0.0,0,1740598445596,134,0.0
1740598445,1.05027,1.0503,0.0,0,1740598445607,134,0.0
1740598445,1.05026,1.05029,0.0,0,1740598445930,134,0.0
1740598446,1.05025,1.05028,0.0,0,1740598446260,134,0.0
1740598446,1.05026,1.05029,0.0,0,1740598446266,134,0.0
1740598446,1.05028,1.05031,0.0,0,1740598446588,134,0.0
1740598447,1.05024,1.05027,0.0,0,1740598447247,134,0.0
1740598447,1.0503,1.05033,0.0,0,1740598447577,134,0.0
1740598447,1.05031,1.05034,0.0,0,1740598447906,134,0.0
1740598448,1.05035,1.05038,0.0,0,1740598448241,134,0.0
1740598448,1.05036,1.05039,0.0,0,1740598448569,134,0.0
1740598448,1.05038,1.05041,0.0,0,1740598448593,134,0.0
1740598448,1.05031,1.05034,0.0,0,1740598448898,134,0.0
1740598448,1.0503,1.05033,0.0,0,1740598448915,134,0.0
1740598449,1.05036,1.05039,0.0,0,1740598449226,134,0.0
1740598449,1.05031,1.05034,0.0,0,1740598449559,134,0.0
1740598450,1.05038,1.05041,0.0,0,1740598450548,134,0.0
1740598450,1.0504,1.05043,0.0,0,1740598450879,134,0.0
1740598450,1.05037,1.0504,0.0,0,1740598450889,134,0.0
1740598451,1.0504,1.05043,0.0,0,1740598451538,134,0.0
1740598452,1.05045,1.05048,0.0,0,1740598452528,134,0.0
1740598452,1.05046,1.05049,0.0,0,1740598452857,134,0.0
1740598452,1.05047,1.0505,0.0,0,1740598452859,134,0.0
1740598453,1.05053,1.05056,0.0,0,1740598453187,134,0.0
1740598453,1.05059,1.0506199999999999,0.0,0,1740598453516,134,0.0
1740598453,1.0506,1.05063,0.0,0,1740598453525,134,0.0
1740598454,1.05063,1.05066,0.0,0,1740598454180,134,0.0
1740598454,1.05059,1.0506199999999999,0.0,0,1740598454508,134,0.0
1740598454,1.05063,1.05066,0.0,0,1740598454840,134,0.0
1740598454,1.05064,1.05067,0.0,0,1740598454852,134,0.0
1740598455,1.05046,1.05049,0.0,0,1740598455171,134,0.0
1740598455,1.05052,1.05055,0.0,0,1740598455497,134,0.0
1740598455,1.05053,1.05056,0.0,0,1740598455508,134,0.0
1740598455,1.05055,1.05058,0.0,0,1740598455827,134,0.0
1740598455,1.05053,1.05056,0.0,0,1740598455846,134,0.0
1740598456,1.05052,1.05055,0.0,0,1740598456172,134,0.0
1740598456,1.0504,1.05043,0.0,0,1740598456496,134,0.0
1740598456,1.05047,1.0505,0.0,0,1740598456817,134,0.0
1740598456,1.05048,1.05051,0.0,0,1740598456826,134,0.0
1740598457,1.05037,1.0504,0.0,0,1740598457150,134,0.0
1740598457,1.05055,1.05058,0.0,0,1740598457477,134,0.0
1740598457,1.05053,1.05056,0.0,0,1740598457808,134,0.0
1740598458,1.05051,1.05054,0.0,0,1740598458139,134,0.0
1740598458,1.0506,1.05063,0.0,0,1740598458468,134,0.0
1740598458,1.05059,1.0506199999999999,0.0,0,1740598458801,134,0.0
1740598459,1.0506,1.05063,0.0,0,1740598459127,134,0.0
1740598459,1.05061,1.05064,0.0,0,1740598459804,134,0.0
1740598460,1.05063,1.05066,0.0,0,1740598460119,134,0.0
1740598460,1.05065,1.05068,0.0,0,1740598460449,134,0.0
1740598460,1.05066,1.05069,0.0,0,1740598460456,134,0.0
1740598460,1.05065,1.05068,0.0,0,1740598460782,134,0.0
1740598461,1.05054,1.05057,0.0,0,1740598461108,134,0.0
1740598461,1.05053,1.05056,0.0,0,1740598461111,134,0.0
1740598461,1.05044,1.05047,0.0,0,1740598461439,134,0.0
1740598461,1.05041,1.05044,0.0,0,1740598461770,134,0.0
1740598462,1.05035,1.05038,0.0,0,1740598462097,134,0.0
1740598462,1.05036,1.05039,0.0,0,1740598462102,134,0.0
1740598462,1.05037,1.0504,0.0,0,1740598462430,134,0.0
1740598462,1.05042,1.05045,0.0,0,1740598462759,134,0.0
1740598463,1.05044,1.05047,0.0,0,1740598463092,134,0.0
1740598463,1.05035,1.05038,0.0,0,1740598463417,134,0.0
1740598463,1.05036,1.05039,0.0,0,1740598463748,134,0.0
1740598464,1.05035,1.05038,0.0,0,1740598464094,134,0.0
1740598464,1.05036,1.05039,0.0,0,1740598464409,134,0.0
1740598464,1.05037,1.0504,0.0,0,1740598464750,134,0.0
1740598465,1.05027,1.0503,0.0,0,1740598465081,134,0.0
1740598465,1.05026,1.05029,0.0,0,1740598465085,134,0.0
1740598465,1.05024,1.05027,0.0,0,1740598465397,134,0.0
1740598466,1.0502,1.05023,0.0,0,1740598466058,134,0.0
1740598466,1.05021,1.05024,0.0,0,1740598466387,134,0.0
1740598467,1.05022,1.05025,0.0,0,1740598467376,134,0.0
1740598467,1.05023,1.05026,0.0,0,1740598467710,134,0.0
1740598468,1.05024,1.05027,0.0,0,1740598468037,134,0.0
1740598468,1.05035,1.05038,0.0,0,1740598468372,134,0.0
1740598468,1.05029,1.05032,0.0,0,1740598468696,134,0.0
1740598469,1.05026,1.05029,0.0,0,1740598469029,134,0.0
1740598469,1.05029,1.05032,0.0,0,1740598469362,134,0.0
1740598469,1.05038,1.05041,0.0,0,1740598469687,134,0.0
1740598469,1.0504,1.05043,0.0,0,1740598469710,134,0.0
1740598470,1.05042,1.05045,0.0,0,1740598470018,134,0.0
1740598470,1.05041,1.05044,0.0,0,1740598470679,134,0.0
1740598470,1.05034,1.05037,0.0,0,1740598470691,134,0.0
1740598471,1.05038,1.05041,0.0,0,1740598471008,134,0.0
1740598471,1.05039,1.05042,0.0,0,1740598471338,134,0.0
1740598471,1.05036,1.05039,0.0,0,1740598471667,134,0.0
1740598471,1.05038,1.05041,0.0,0,1740598471999,134,0.0
1740598472,1.0504,1.05043,0.0,0,1740598472329,134,0.0
1740598472,1.05036,1.05039,0.0,0,1740598472656,134,0.0
1740598472,1.05039,1.05042,0.0,0,1740598472986,134,0.0
1740598473,1.05038,1.05041,0.0,0,1740598473319,134,0.0
1740598473,1.0504,1.05043,0.0,0,1740598473652,134,0.0
1740598473,1.05038,1.05041,0.0,0,1740598473979,134,0.0
1740598474,1.05036,1.05039,0.0,0,1740598474309,134,0.0
1740598474,1.05035,1.05038,0.0,0,1740598474640,134,0.0
1740598474,1.05027,1.0503,0.0,0,1740598474967,134,0.0
1740598475,1.0503,1.05033,0.0,0,1740598475300,134,0.0
1740598475,1.05029,1.05032,0.0,0,1740598475957,134,0.0
1740598476,1.05028,1.05031,0.0,0,1740598476617,134,0.0
1740598477,1.05026,1.05029,0.0,0,1740598477280,134,0.0
1740598477,1.05028,1.05031,0.0,0,1740598477608,134,0.0
1740598478,1.05024,1.05027,0.0,0,1740598478267,134,0.0
1740598478,1.05023,1.05026,0.0,0,1740598478603,134,0.0
1740598478,1.05025,1.05028,0.0,0,1740598478929,134,0.0
1740598479,1.05023,1.05026,0.0,0,1740598479257,134,0.0
1740598479,1.05024,1.05027,0.0,0,1740598479917,134,0.0
1740598479,1.05025,1.05028,0.0,0,1740598479936,134,0.0
1740598480,1.05024,1.05027,0.0,0,1740598480576,134,0.0
1740598480,1.05025,1.05028,0.0,0,1740598480910,134,0.0
1740598481,1.05033,1.05036,0.0,0,1740598481236,134,0.0
1740598481,1.05031,1.05034,0.0,0,1740598481896,134,0.0
1740598482,1.05032,1.05035,0.0,0,1740598482227,134,0.0
1740598482,1.05023,1.05026,0.0,0,1740598482888,134,0.0
1740598483,1.05024,1.05027,0.0,0,1740598483551,134,0.0
1740598483,1.05025,1.05028,0.0,0,1740598483877,134,0.0
1740598484,1.05024,1.05027,0.0,0,1740598484207,134,0.0
1740598484,1.05023,1.05026,0.0,0,1740598484539,134,0.0
1740598484,1.05024,1.05027,0.0,0,1740598484888,134,0.0
1740598485,1.05023,1.05026,0.0,0,1740598485199,134,0.0
1740598486,1.05024,1.05027,0.0,0,1740598486517,134,0.0
1740598486,1.05023,1.05026,0.0,0,1740598486848,134,0.0
1740598487,1.05024,1.05027,0.0,0,1740598487178,134,0.0
1740598487,1.05028,1.05031,0.0,0,1740598487509,134,0.0
1740598487,1.05025,1.05028,0.0,0,1740598487837,134,0.0
1740598488,1.05024,1.05027,0.0,0,1740598488168,134,0.0
1740598488,1.05025,1.05028,0.0,0,1740598488499,134,0.0
1740598488,1.05024,1.05027,0.0,0,1740598488828,134,0.0
1740598489,1.05019,1.05022,0.0,0,1740598489157,134,0.0
1740598489,1.0501800000000001,1.05021,0.0,0,1740598489172,134,0.0
1740598489,1.05017,1.0502,0.0,0,1740598489488,134,0.0
1740598490,1.0501800000000001,1.05021,0.0,0,1740598490154,134,0.0
1740598490,1.0501,1.05013,0.0,0,1740598490809,134,0.0
1740598491,1.05008,1.05011,0.0,0,1740598491143,134,0.0
1740598491,1.05009,1.05012,0.0,0,1740598491150,134,0.0
1740598491,1.0501,1.05013,0.0,0,1740598491467,134,0.0
1740598491,1.05011,1.05014,0.0,0,1740598491467,134,0.0
1740598491,1.05022,1.05025,0.0,0,1740598491796,134,0.0
1740598492,1.04995,1.04998,0.0,0,1740598492131,134,0.0
1740598492,1.04996,1.04999,0.0,0,1740598492145,134,0.0
1740598492,1.04991,1.04994,0.0,0,1740598492458,134,0.0
1740598492,1.05003,1.05006,0.0,0,1740598492786,134,0.0
1740598492,1.05004,1.05007,0.0,0,1740598492804,134,0.0
1740598493,1.05,1.05003,0.0,0,1740598493119,134,0.0
1740598493,1.04995,1.04998,0.0,0,1740598493447,134,0.0
1740598493,1.05002,1.05005,0.0,0,1740598493780,134,0.0
1740598493,1.0500099999999999,1.05004,0.0,0,1740598493789,134,0.0
1740598494,1.05005,1.05008,0.0,0,1740598494106,134,0.0
1740598494,1.05004,1.05007,0.0,0,1740598494441,134,0.0
1740598494,1.0500099999999999,1.05004,0.0,0,1740598494768,134,0.0
1740598495,1.05004,1.05007,0.0,0,1740598495099,134,0.0
1740598495,1.05002,1.05005,0.0,0,1740598495428,134,0.0
1740598495,1.05004,1.05007,0.0,0,1740598495432,134,0.0
1740598495,1.05005,1.05008,0.0,0,1740598495757,134,0.0
1740598495,1.05006,1.05009,0.0,0,1740598495759,134,0.0
1740598496,1.05008,1.05011,0.0,0,1740598496088,134,0.0
1740598496,1.05006,1.05009,0.0,0,1740598496417,134,0.0
1740598496,1.05007,1.0501,0.0,0,1740598496746,134,0.0
1740598497,1.0501,1.05013,0.0,0,1740598497077,134,0.0
1740598498,1.05009,1.05012,0.0,0,1740598498067,134,0.0
1740598498,1.05014,1.05017,0.0,0,1740598498080,134,0.0
1740598498,1.05015,1.0501800000000001,0.0,0,1740598498398,134,0.0
1740598498,1.0502,1.05023,0.0,0,1740598498730,134,0.0
1740598498,1.05019,1.05022,0.0,0,1740598498734,134,0.0
1740598499,1.05025,1.05028,0.0,0,1740598499059,134,0.0
1740598499,1.0501,1.05013,0.0,0,1740598499394,134,0.0
1740598499,1.04997,1.05,0.0,0,1740598499722,134,0.0
1740598500,1.04999,1.05002,0.0,0,1740598500047,134,0.0
1740598501,1.04995,1.04998,0.0,0,1740598501367,134,0.0
1740598501,1.04996,1.04999,0.0,0,1740598501370,134,0.0
1740598501,1.05002,1.05005,0.0,0,1740598501696,134,0.0
1740598502,1.04997,1.05,0.0,0,1740598502026,134,0.0
1740598502,1.04999,1.05002,0.0,0,1740598502357,134,0.0
1740598503,1.04998,1.0500099999999999,0.0,0,1740598503018,134,0.0
1740598503,1.04999,1.05002,0.0,0,1740598503032,134,0.0
1740598503,1.04997,1.05,0.0,0,1740598503349,134,0.0
1740598503,1.04999,1.05002,0.0,0,1740598503678,134,0.0
1740598504,1.04997,1.05,0.0,0,1740598504340,134,0.0
1740598504,1.04998,1.0500099999999999,0.0,0,1740598504667,134,0.0
1740598504,1.04997,1.05,0.0,0,1740598504996,134,0.0
1740598505,1.04998,1.0500099999999999,0.0,0,1740598505014,134,0.0
1740598505,1.04997,1.05,0.0,0,1740598505660,134,0.0
1740598506,1.04998,1.0500099999999999,0.0,0,1740598506324,134,0.0
1740598507,1.05,1.05003,0.0,0,1740598507307,134,0.0
1740598507,1.04993,1.04996,0.0,0,1740598507636,134,0.0
1740598507,1.04992,1.04995,0.0,0,1740598507968,134,0.0
1740598508,1.04993,1.04996,0.0,0,1740598508958,134,0.0
1740598509,1.04995,1.04998,0.0,0,1740598509285,134,0.0
1740598509,1.04996,1.04999,0.0,0,1740598509290,134,0.0
1740598509,1.04998,1.0500099999999999,0.0,0,1740598509616,134,0.0
1740598510,1.04997,1.05,0.0,0,1740598510937,134,0.0
1740598511,1.04996,1.04999,0.0,0,1740598511266,134,0.0
1740598512,1.04992,1.04995,0.0,0,1740598512258,134,0.0
1740598512,1.04991,1.04994,0.0,0,1740598512261,134,0.0
1740598512,1.04992,1.04995,0.0,0,1740598512588,134,0.0
1740598513,1.04993,1.04996,0.0,0,1740598513246,134,0.0
1740598514,1.04994,1.04997,0.0,0,1740598514239,134,0.0
1740598514,1.04993,1.04996,0.0,0,1740598514245,134,0.0
1740598514,1.04992,1.04995,0.0,0,1740598514567,134,0.0
1740598515,1.04982,1.04985,0.0,0,1740598515559,134,0.0
1740598516,1.04983,1.04986,0.0,0,1740598516216,134,0.0
1740598516,1.04986,1.04989,0.0,0,1740598516545,134,0.0
1740598516,1.04988,1.04991,0.0,0,1740598516877,134,0.0
1740598517,1.04993,1.04996,0.0,0,1740598517536,134,0.0
1740598518,1.04992,1.04995,0.0,0,1740598518529,134,0.0
1740598518,1.04983,1.04986,0.0,0,1740598518857,134,0.0
1740598518,1.04984,1.04987,0.0,0,1740598518860,134,0.0
1740598519,1.04983,1.04986,0.0,0,1740598519187,134,0.0
1740598519,1.04982,1.04985,0.0,0,1740598519191,134,0.0
1740598519,1.04983,1.04986,0.0,0,1740598519846,134,0.0
1740598519,1.04984,1.04987,0.0,0,1740598519865,134,0.0
1740598520,1.04979,1.04982,0.0,0,1740598520178,134,0.0
1740598520,1.04968,1.04971,0.0,0,1740598520506,134,0.0
1740598520,1.04971,1.04974,0.0,0,1740598520836,134,0.0
1740598521,1.04974,1.04977,0.0,0,1740598521172,134,0.0
1740598521,1.04972,1.04975,0.0,0,1740598521181,134,0.0
1740598521,1.04977,1.0498,0.0,0,1740598521495,134,0.0
1740598521,1.04978,1.04981,0.0,0,1740598521827,134,0.0
1740598521,1.0498,1.04983,0.0,0,1740598521840,134,0.0
1740598522,1.04983,1.04986,0.0,0,1740598522159,134,0.0
1740598522,1.04986,1.04989,0.0,0,1740598522488,134,0.0
1740598522,1.04966,1.04969,0.0,0,1740598522819,134,0.0
1740598522,1.04967,1.0497,0.0,0,1740598522828,134,0.0
1740598523,1.04969,1.04972,0.0,0,1740598523148,134,0.0
1740598523,1.04974,1.04977,0.0,0,1740598523809,134,0.0
1740598523,1.04976,1.04979,0.0,0,1740598523812,134,0.0
1740598524,1.04978,1.04981,0.0,0,1740598524136,134,0.0
1740598524,1.04977,1.0498,0.0,0,1740598524175,134,0.0
1740598525,1.04987,1.0499,0.0,0,1740598525127,134,0.0
1740598526,1.04986,1.04989,0.0,0,1740598526117,134,0.0
1740598526,1.04987,1.0499,0.0,0,1740598526451,134,0.0
1740598526,1.04986,1.04989,0.0,0,1740598526456,134,0.0
1740598526,1.04985,1.04988,0.0,0,1740598526786,134,0.0
1740598527,1.04987,1.0499,0.0,0,1740598527107,134,0.0
1740598527,1.04989,1.04992,0.0,0,1740598527439,134,0.0
1740598527,1.04988,1.04991,0.0,0,1740598527769,134,0.0
1740598528,1.04977,1.0498,0.0,0,1740598528100,134,0.0
1740598528,1.04973,1.04976,0.0,0,1740598528426,134,0.0
1740598528,1.04974,1.04977,0.0,0,1740598528757,134,0.0
1740598529,1.04972,1.04975,0.0,0,1740598529089,134,0.0
1740598529,1.04974,1.04977,0.0,0,1740598529417,134,0.0
1740598530,1.04973,1.04976,0.0,0,1740598530084,134,0.0
1740598530,1.04972,1.04975,0.0,0,1740598530406,134,0.0
1740598530,1.04973,1.04976,0.0,0,1740598530419,134,0.0
1740598530,1.04972,1.04975,0.0,0,1740598530743,134,0.0
1740598531,1.04956,1.04959,0.0,0,1740598531069,134,0.0
1740598531,1.04958,1.04961,0.0,0,1740598531076,134,0.0
1740598531,1.0495700000000001,1.0496,0.0,0,1740598531398,134,0.0
1740598531,1.04952,1.04955,0.0,0,1740598531743,134,0.0
1740598531,1.04954,1.0495700000000001,0.0,0,1740598531747,134,0.0
1740598532,1.04956,1.04959,0.0,0,1740598532389,134,0.0
1740598532,1.04955,1.04958,0.0,0,1740598532395,134,0.0
1740598532,1.04958,1.04961,0.0,0,1740598532726,134,0.0
1740598533,1.0495700000000001,1.0496,0.0,0,1740598533057,134,0.0
1740598533,1.04951,1.04954,0.0,0,1740598533707,134,0.0
1740598534,1.04947,1.0495,0.0,0,1740598534042,134,0.0
1740598534,1.04944,1.04947,0.0,0,1740598534366,134,0.0
1740598534,1.04943,1.04946,0.0,0,1740598534698,134,0.0
1740598534,1.04942,1.04945,0.0,0,1740598534710,134,0.0
1740598535,1.04937,1.0493999999999999,0.0,0,1740598535027,134,0.0
1740598535,1.04938,1.04941,0.0,0,1740598535037,134,0.0
1740598535,1.0493999999999999,1.04943,0.0,0,1740598535356,134,0.0
1740598535,1.04937,1.0493999999999999,0.0,0,1740598535367,134,0.0
1740598535,1.04941,1.04944,0.0,0,1740598535688,134,0.0
1740598536,1.04946,1.04949,0.0,0,1740598536018,134,0.0
1740598536,1.04943,1.04946,0.0,0,1740598536024,134,0.0
1740598536,1.04942,1.04945,0.0,0,1740598536679,134,0.0
1740598537,1.0493999999999999,1.04943,0.0,0,1740598537012,134,0.0
1740598537,1.04939,1.04942,0.0,0,1740598537015,134,0.0
1740598537,1.04937,1.0493999999999999,0.0,0,1740598537667,134,0.0
1740598537,1.04936,1.04939,0.0,0,1740598537995,134,0.0
1740598538,1.04935,1.04938,0.0,0,1740598538327,134,0.0
1740598538,1.04937,1.0493999999999999,0.0,0,1740598538657,134,0.0
1740598538,1.04932,1.04935,0.0,0,1740598538988,134,0.0
1740598539,1.04931,1.04934,0.0,0,1740598539317,134,0.0
1740598539,1.04941,1.04944,0.0,0,1740598539645,134,0.0
1740598539,1.0493999999999999,1.04943,0.0,0,1740598539656,134,0.0
1740598539,1.04945,1.04948,0.0,0,1740598539977,134,0.0
1740598540,1.04947,1.0495,0.0,0,1740598540638,134,0.0
1740598540,1.04955,1.04958,0.0,0,1740598540982,134,0.0
1740598541,1.04958,1.04961,0.0,0,1740598541298,134,0.0
1740598541,1.04966,1.04969,0.0,0,1740598541628,134,0.0
1740598541,1.04967,1.0497,0.0,0,1740598541634,134,0.0
1740598541,1.04968,1.04971,0.0,0,1740598541958,134,0.0
1740598542,1.04973,1.04976,0.0,0,1740598542287,134,0.0
1740598542,1.04972,1.04975,0.0,0,1740598542291,134,0.0
1740598542,1.04973,1.04976,0.0,0,1740598542945,134,0.0
1740598543,1.04982,1.04985,0.0,0,1740598543276,134,0.0
1740598543,1.04981,1.04984,0.0,0,1740598543295,134,0.0
1740598543,1.04986,1.04989,0.0,0,1740598543607,134,0.0
1740598543,1.04988,1.04991,0.0,0,1740598543938,134,0.0
1740598544,1.04978,1.04981,0.0,0,1740598544270,134,0.0
1740598544,1.04975,1.04978,0.0,0,1740598544282,134,0.0
1740598544,1.0498,1.04983,0.0,0,1740598544599,134,0.0
1740598544,1.04973,1.04976,0.0,0,1740598544926,134,0.0
1740598545,1.04972,1.04975,0.0,0,1740598545258,134,0.0
1740598545,1.04976,1.04979,0.0,0,1740598545590,134,0.0
1740598545,1.04977,1.0498,0.0,0,1740598545602,134,0.0
1740598545,1.04972,1.04975,0.0,0,1740598545915,134,0.0
1740598545,1.04968,1.04971,0.0,0,1740598545930,134,0.0
1740598546,1.04967,1.0497,0.0,0,1740598546246,134,0.0
1740598546,1.04966,1.04969,0.0,0,1740598546577,134,0.0
1740598546,1.04961,1.04964,0.0,0,1740598546908,134,0.0
1740598546,1.04962,1.04965,0.0,0,1740598546911,134,0.0
1740598547,1.04963,1.04966,0.0,0,1740598547242,134,0.0
1740598547,1.04964,1.04967,0.0,0,1740598547245,134,0.0
1740598547,1.04966,1.04969,0.0,0,1740598547567,134,0.0
1740598547,1.04967,1.0497,0.0,0,1740598547569,134,0.0
1740598547,1.04944,1.04947,0.0,0,1740598547899,134,0.0
1740598548,1.04946,1.04949,0.0,0,1740598548561,134,0.0
1740598548,1.04947,1.0495,0.0,0,1740598548899,134,0.0
1740598549,1.04948,1.04951,0.0,0,1740598549218,134,0.0
1740598549,1.04946,1.04949,0.0,0,1740598549548,134,0.0
1740598550,1.04951,1.04954,0.0,0,1740598550542,134,0.0
1740598550,1.0495,1.04953,0.0,0,1740598550868,134,0.0
1740598551,1.04952,1.04955,0.0,0,1740598551204,134,0.0
1740598551,1.04954,1.0495700000000001,0.0,0,1740598551529,134,0.0
1740598551,1.04956,1.04959,0.0,0,1740598551533,134,0.0
1740598552,1.04955,1.04958,0.0,0,1740598552189,134,0.0
1740598552,1.04956,1.04959,0.0,0,1740598552518,134,0.0
1740598553,1.04955,1.04958,0.0,0,1740598553508,134,0.0
1740598553,1.04956,1.04959,0.0,0,1740598553838,134,0.0
1740598553,1.04955,1.04958,0.0,0,1740598553844,134,0.0
1740598554,1.04948,1.04951,0.0,0,1740598554173,134,0.0
1740598554,1.04945,1.04948,0.0,0,1740598554500,134,0.0
1740598554,1.04943,1.04946,0.0,0,1740598554826,134,0.0
1740598555,1.04941,1.04944,0.0,0,1740598555487,134,0.0
1740598555,1.04942,1.04945,0.0,0,1740598555818,134,0.0
1740598556,1.04941,1.04944,0.0,0,1740598556162,134,0.0
1740598556,1.0493999999999999,1.04943,0.0,0,1740598556476,134,0.0
1740598556,1.04932,1.04935,0.0,0,1740598556808,134,0.0
1740598557,1.04931,1.04934,0.0,0,1740598557137,134,0.0
1740598557,1.04933,1.04936,0.0,0,1740598557465,134,0.0
1740598557,1.04934,1.04937,0.0,0,1740598557476,134,0.0
1740598558,1.04933,1.04936,0.0,0,1740598558127,134,0.0
1740598559,1.04934,1.04937,0.0,0,1740598559135,134,0.0
1740598559,1.04935,1.04938,0.0,0,1740598559447,134,0.0
1740598559,1.04938,1.04941,0.0,0,1740598559777,134,0.0
1740598560,1.04938,1.04941,0.0,0,1740598560108,130,0.0
1740598560,1.04937,1.0493999999999999,0.0,0,1740598560439,134,0.0
1740598560,1.04938,1.04941,0.0,0,1740598560451,134,0.0
1740598560,1.04937,1.0493999999999999,0.0,0,1740598560765,134,0.0
1740598561,1.04938,1.04941,0.0,0,1740598561098,134,0.0
1740598561,1.04932,1.04935,0.0,0,1740598561427,134,0.0
1740598562,1.04931,1.04934,0.0,0,1740598562086,134,0.0
1740598562,1.04932,1.04935,0.0,0,1740598562748,134,0.0
1740598563,1.04933,1.04936,0.0,0,1740598563078,134,0.0
1740598563,1.04931,1.04934,0.0,0,1740598563408,134,0.0
1740598563,1.0493,1.04933,0.0,0,1740598563739,134,0.0
1740598564,1.04921,1.04924,0.0,0,1740598564401,134,0.0
1740598564,1.04923,1.04926,0.0,0,1740598564743,134,0.0
1740598565,1.04925,1.04928,0.0,0,1740598565388,134,0.0
1740598565,1.04926,1.04929,0.0,0,1740598565396,134,0.0
1740598565,1.04927,1.0493,0.0,0,1740598565716,134,0.0
1740598566,1.04926,1.04929,0.0,0,1740598566045,134,0.0
1740598566,1.04921,1.04924,0.0,0,1740598566375,134,0.0
1740598568,1.04925,1.04928,0.0,0,1740598568364,134,0.0
1740598569,1.04926,1.04929,0.0,0,1740598569017,134,0.0
1740598569,1.04912,1.04915,0.0,0,1740598569347,134,0.0
1740598569,1.04913,1.04916,0.0,0,1740598569676,134,0.0
1740598569,1.04911,1.04914,0.0,0,1740598569681,134,0.0
1740598570,1.04908,1.04911,0.0,0,1740598570338,134,0.0
1740598570,1.049,1.04903,0.0,0,1740598570666,134,0.0
1740598570,1.04906,1.04909,0.0,0,1740598570996,134,0.0
1740598571,1.04907,1.0491,0.0,0,1740598571326,134,0.0
1740598571,1.04902,1.04905,0.0,0,1740598571655,134,0.0
1740598571,1.04898,1.04901,0.0,0,1740598571674,134,0.0
1740598572,1.04897,1.049,0.0,0,1740598572317,134,0.0
1740598572,1.049,1.04903,0.0,0,1740598572979,134,0.0
1740598573,1.04908,1.04911,0.0,0,1740598573310,134,0.0
1740598573,1.04913,1.04916,0.0,0,1740598573637,134,0.0
1740598574,1.04908,1.04911,0.0,0,1740598574296,134,0.0
1740598574,1.04918,1.04921,0.0,0,1740598574632,134,0.0
1740598574,1.04917,1.0492,0.0,0,1740598574956,134,0.0
1740598575,1.04918,1.04921,0.0,0,1740598575286,134,0.0
1740598575,1.04919,1.04922,0.0,0,1740598575947,134,0.0
1740598576,1.04918,1.04921,0.0,0,1740598576278,134,0.0
1740598576,1.04924,1.04927,0.0,0,1740598576935,134,0.0
1740598576,1.04921,1.04924,0.0,0,1740598576949,134,0.0
1740598577,1.04924,1.04927,0.0,0,1740598577268,134,0.0
1740598577,1.04934,1.04937,0.0,0,1740598577596,134,0.0
1740598577,1.04935,1.04938,0.0,0,1740598577610,134,0.0
1740598577,1.04936,1.04939,0.0,0,1740598577928,134,0.0
1740598578,1.04939,1.04942,0.0,0,1740598578259,134,0.0
1740598578,1.0493999999999999,1.04943,0.0,0,1740598578587,134,0.0
1740598578,1.04942,1.04945,0.0,0,1740598578917,134,0.0
1740598579,1.04946,1.04949,0.0,0,1740598579249,134,0.0
1740598579,1.04944,1.04947,0.0,0,1740598579578,134,0.0
1740598579,1.04947,1.0495,0.0,0,1740598579906,134,0.0
1740598580,1.04943,1.04946,0.0,0,1740598580239,134,0.0
1740598580,1.04944,1.04947,0.0,0,1740598580245,134,0.0
1740598580,1.04946,1.04949,0.0,0,1740598580565,134,0.0
1740598580,1.04938,1.04941,0.0,0,1740598580897,134,0.0
1740598580,1.04941,1.04944,0.0,0,1740598580905,134,0.0
1740598581,1.04943,1.04946,0.0,0,1740598581228,134,0.0
1740598581,1.04924,1.04927,0.0,0,1740598581888,134,0.0
1740598582,1.04931,1.04935,0.0,0,1740598582217,134,0.0
1740598582,1.04928,1.04932,0.0,0,1740598582548,134,0.0
1740598582,1.04929,1.04933,0.0,0,1740598582559,134,0.0
1740598582,1.04931,1.04935,0.0,0,1740598582879,134,0.0
1740598583,1.04932,1.04936,0.0,0,1740598583208,134,0.0
1740598583,1.04936,1.0493999999999999,0.0,0,1740598583536,134,0.0
1740598583,1.04936,1.04939,0.0,0,1740598583867,4,0.0
1740598584,1.04941,1.04944,0.0,0,1740598584197,134,0.0
1740598584,1.04942,1.04946,0.0,0,1740598584528,134,0.0
1740598584,1.04943,1.04947,0.0,0,1740598584855,134,0.0
1740598585,1.04941,1.04945,0.0,0,1740598585186,134,0.0
1740598585,1.04939,1.04943,0.0,0,1740598585517,134,0.0
1740598585,1.04931,1.04934,0.0,0,1740598585846,134,0.0
1740598585,1.0493,1.04934,0.0,0,1740598585870,130,0.0
1740598587,1.04927,1.04931,0.0,0,1740598587164,134,0.0
1740598587,1.04928,1.04931,0.0,0,1740598587171,130,0.0
1740598587,1.04926,1.0493,0.0,0,1740598587497,134,0.0
1740598587,1.04926,1.04929,0.0,0,1740598587501,4,0.0
1740598587,1.04927,1.0493,0.0,0,1740598587827,134,0.0
1740598587,1.04927,1.04931,0.0,0,1740598587829,4,0.0
1740598588,1.04926,1.04929,0.0,0,1740598588484,134,0.0
1740598589,1.04926,1.0493,0.0,0,1740598589147,4,0.0
1740598589,1.04927,1.04931,0.0,0,1740598589806,134,0.0
1740598590,1.04928,1.04931,0.0,0,1740598590138,130,0.0
1740598590,1.04927,1.04931,0.0,0,1740598590468,130,0.0
1740598590,1.04926,1.0493,0.0,0,1740598590800,134,0.0
1740598591,1.04933,1.04936,0.0,0,1740598591128,134,0.0
1740598591,1.04932,1.04936,0.0,0,1740598591455,130,0.0
1740598591,1.04931,1.04935,0.0,0,1740598591786,134,0.0
1740598592,1.0493,1.04934,0.0,0,1740598592118,134,0.0
1740598593,1.04932,1.04935,0.0,0,1740598593106,134,0.0
1740598593,1.04932,1.04936,0.0,0,1740598593438,4,0.0
1740598594,1.04934,1.04937,0.0,0,1740598594096,134,0.0
1740598594,1.04932,1.04935,0.0,0,1740598594429,134,0.0
1740598594,1.04926,1.04929,0.0,0,1740598594756,134,0.0
1740598594,1.04925,1.04928,0.0,0,1740598594913,134,0.0
1740598595,1.04924,1.04927,0.0,0,1740598595089,134,0.0
1740598595,1.04928,1.04931,0.0,0,1740598595746,134,0.0
1740598596,1.04926,1.04929,0.0,0,1740598596076,134,0.0
1740598596,1.04926,1.0493,0.0,0,1740598596094,4,0.0
1740598596,1.04927,1.0493,0.0,0,1740598596415,130,0.0
1740598597,1.04929,1.04932,0.0,0,1740598597065,134,0.0
1740598597,1.04932,1.04936,0.0,0,1740598597079,134,0.0
1740598597,1.04927,1.0493,0.0,0,1740598597400,134,0.0
1740598597,1.04925,1.04929,0.0,0,1740598597406,134,0.0
1740598598,1.04922,1.04926,0.0,0,1740598598060,134,0.0
1740598598,1.04921,1.04925,0.0,0,1740598598070,134,0.0
1740598598,1.04921,1.04924,0.0,0,1740598598387,4,0.0
1740598598,1.04921,1.04925,0.0,0,1740598598719,4,0.0
1740598599,1.04922,1.04925,0.0,0,1740598599045,130,0.0
1740598599,1.04921,1.04925,0.0,0,1740598599375,130,0.0
1740598599,1.04922,1.04925,0.0,0,1740598599384,130,0.0
1740598599,1.04925,1.04928,0.0,0,1740598599705,134,0.0
1740598600,1.04926,1.0493,0.0,0,1740598600366,134,0.0
1740598600,1.04925,1.04929,0.0,0,1740598600697,134,0.0
1740598601,1.0492,1.04924,0.0,0,1740598601027,134,0.0
1740598601,1.04917,1.04921,0.0,0,1740598601358,134,0.0
1740598601,1.04918,1.04921,0.0,0,1740598601374,130,0.0
1740598601,1.04917,1.04921,0.0,0,1740598601687,130,0.0
1740598601,1.04916,1.0492,0.0,0,1740598601702,134,0.0
1740598602,1.0492,1.04923,0.0,0,1740598602014,134,0.0
1740598602,1.0492,1.04924,0.0,0,1740598602049,4,0.0
1740598603,1.04921,1.04924,0.0,0,1740598603006,130,0.0
1740598603,1.0492,1.04923,0.0,0,1740598603342,134,0.0
1740598603,1.04925,1.04928,0.0,0,1740598603668,134,0.0
1740598603,1.04927,1.0493,0.0,0,1740598603995,134,0.0
1740598604,1.04926,1.04929,0.0,0,1740598604326,134,0.0
1740598604,1.04925,1.04928,0.0,0,1740598604657,134,0.0
1740598604,1.04924,1.04927,0.0,0,1740598604987,134,0.0
1740598605,1.04925,1.04928,0.0,0,1740598605994,134,0.0
1740598606,1.0492,1.04923,0.0,0,1740598606310,134,0.0
1740598606,1.04921,1.04924,0.0,0,1740598606966,134,0.0
1740598607,1.04922,1.04925,0.0,0,1740598607296,134,0.0
1740598607,1.04919,1.04922,0.0,0,1740598607627,134,0.0
1740598607,1.0492,1.04923,0.0,0,1740598607963,134,0.0
1740598608,1.04918,1.04921,0.0,0,1740598608288,134,0.0
1740598608,1.04926,1.04929,0.0,0,1740598608618,134,0.0
1740598610,1.04924,1.04927,0.0,0,1740598610597,134,0.0
1740598610,1.04926,1.04929,0.0,0,1740598610927,134,0.0
1740598611,1.04927,1.0493,0.0,0,1740598611259,134,0.0
1740598611,1.04925,1.04928,0.0,0,1740598611588,134,0.0
1740598612,1.04926,1.04929,0.0,0,1740598612245,134,0.0
1740598612,1.04927,1.0493,0.0,0,1740598612575,134,0.0
1740598613,1.04928,1.04931,0.0,0,1740598613237,134,0.0
1740598613,1.04929,1.04932,0.0,0,1740598613567,134,0.0
1740598614,1.04925,1.04928,0.0,0,1740598614227,134,0.0
1740598614,1.04926,1.04929,0.0,0,1740598614889,134,0.0
1740598615,1.04927,1.0493,0.0,0,1740598615221,134,0.0
1740598615,1.04926,1.04929,0.0,0,1740598615228,134,0.0
1740598615,1.04934,1.04937,0.0,0,1740598615547,134,0.0
1740598615,1.04936,1.04939,0.0,0,1740598615552,134,0.0
1740598615,1.04935,1.04938,0.0,0,1740598615886,134,0.0
1740598615,1.04936,1.04939,0.0,0,1740598615890,134,0.0
1740598616,1.04938,1.04941,0.0,0,1740598616209,134,0.0
1740598616,1.04937,1.0493999999999999,0.0,0,1740598616534,134,0.0
1740598616,1.04938,1.04941,0.0,0,1740598616864,134,0.0
1740598617,1.04942,1.04945,0.0,0,1740598617201,134,0.0
1740598617,1.04935,1.04938,0.0,0,1740598617526,134,0.0
1740598617,1.04931,1.04934,0.0,0,1740598617854,134,0.0
1740598618,1.04933,1.04936,0.0,0,1740598618186,134,0.0
1740598618,1.04931,1.04934,0.0,0,1740598618519,134,0.0
1740598618,1.04934,1.04937,0.0,0,1740598618848,134,0.0
1740598618,1.04932,1.04935,0.0,0,1740598618851,134,0.0
1740598619,1.04938,1.04941,0.0,0,1740598619175,134,0.0
1740598619,1.04936,1.04939,0.0,0,1740598619506,134,0.0
1740598619,1.04941,1.04944,0.0,0,1740598619834,134,0.0
1740598620,1.04941,1.04944,0.0,0,1740598620166,130,0.0
1740598620,1.0493999999999999,1.04943,0.0,0,1740598620171,134,0.0
1740598620,1.04935,1.04938,0.0,0,1740598620496,134,0.0
1740598620,1.04932,1.04935,0.0,0,1740598620826,134,0.0
1740598620,1.04929,1.04932,0.0,0,1740598620828,134,0.0
1740598621,1.04927,1.0493,0.0,0,1740598621155,134,0.0
1740598621,1.04926,1.04929,0.0,0,1740598621174,134,0.0
1740598621,1.04928,1.04931,0.0,0,1740598621488,134,0.0
1740598621,1.04922,1.04925,0.0,0,1740598621822,134,0.0
1740598622,1.04925,1.04928,0.0,0,1740598622479,134,0.0
1740598622,1.04922,1.04925,0.0,0,1740598622805,134,0.0
1740598624,1.04923,1.04926,0.0,0,1740598624787,134,0.0
1740598624,1.04922,1.04925,0.0,0,1740598624790,134,0.0
1740598625,1.04923,1.04926,0.0,0,1740598625118,134,0.0
1740598625,1.04932,1.04935,0.0,0,1740598625446,134,0.0
1740598625,1.04933,1.04936,0.0,0,1740598625778,134,0.0
1740598626,1.04932,1.04935,0.0,0,1740598626435,134,0.0
1740598626,1.04934,1.04937,0.0,0,1740598626765,134,0.0
1740598627,1.04943,1.04946,0.0,0,1740598627097,134,0.0
1740598627,1.04937,1.0493999999999999,0.0,0,1740598627426,134,0.0
1740598627,1.04938,1.04941,0.0,0,1740598627431,134,0.0
1740598627,1.04937,1.0493999999999999,0.0,0,1740598627758,134,0.0
1740598628,1.0493999999999999,1.04943,0.0,0,1740598628086,134,0.0
1740598628,1.04938,1.04941,0.0,0,1740598628750,134,0.0
1740598629,1.04935,1.04938,0.0,0,1740598629077,134,0.0
1740598629,1.04934,1.04937,0.0,0,1740598629086,134,0.0
1740598629,1.04937,1.0493999999999999,0.0,0,1740598629408,134,0.0
1740598629,1.04933,1.04936,0.0,0,1740598629735,134,0.0
1740598630,1.04934,1.04937,0.0,0,1740598630067,134,0.0
1740598631,1.04938,1.04942,0.0,0,1740598631058,134,0.0
1740598631,1.04939,1.04943,0.0,0,1740598631076,134,0.0
1740598631,1.04937,1.04941,0.0,0,1740598631388,134,0.0
1740598631,1.04936,1.04939,0.0,0,1740598631715,134,0.0
1740598631,1.04935,1.04938,0.0,0,1740598631732,134,0.0
1740598632,1.04931,1.04935,0.0,0,1740598632047,134,0.0
1740598632,1.04931,1.04934,0.0,0,1740598632375,4,0.0
1740598632,1.04932,1.04935,0.0,0,1740598632393,134,0.0
1740598632,1.04929,1.04932,0.0,0,1740598632707,134,0.0
1740598633,1.04928,1.04932,0.0,0,1740598633038,130,0.0
1740598633,1.04927,1.04931,0.0,0,1740598633367,134,0.0
1740598633,1.04928,1.04931,0.0,0,1740598633374,130,0.0
1740598634,1.04927,1.04931,0.0,0,1740598634026,130,0.0
1740598634,1.04927,1.0493,0.0,0,1740598634029,4,0.0
1740598634,1.04927,1.04931,0.0,0,1740598634687,4,0.0
1740598635,1.04928,1.04932,0.0,0,1740598635677,134,0.0
1740598636,1.04928,1.04931,0.0,0,1740598636005,4,0.0
1740598636,1.04932,1.04936,0.0,0,1740598636337,134,0.0
1740598636,1.04933,1.04937,0.0,0,1740598636666,134,0.0
1740598637,1.04936,1.04939,0.0,0,1740598637001,134,0.0
1740598637,1.04935,1.04939,0.0,0,1740598637327,130,0.0
1740598637,1.04934,1.04937,0.0,0,1740598637329,134,0.0
1740598637,1.04936,1.0493999999999999,0.0,0,1740598637987,134,0.0
1740598638,1.04947,1.0495,0.0,0,1740598638314,134,0.0
1740598638,1.04952,1.04955,0.0,0,1740598638976,134,0.0
1740598638,1.04951,1.04954,0.0,0,1740598638993,134,0.0
1740598639,1.04947,1.0495,0.0,0,1740598639309,134,0.0
1740598639,1.04948,1.04951,0.0,0,1740598639637,134,0.0
1740598640,1.04947,1.0495,0.0,0,1740598640626,134,0.0
1740598640,1.04948,1.04951,0.0,0,1740598640956,134,0.0
1740598641,1.04947,1.0495,0.0,0,1740598641617,134,0.0
