time,bid,ask,last,volume,time_msc,flags,volume_real
1627578130,1.18823,1.18823,0.0,0,1627578130082,134,0.0
1627578130,1.18822,1.18822,0.0,0,1627578130590,134,0.0
1627578132,1.18821,1.18821,0.0,0,1627578132550,134,0.0
1627578135,1.1882,1.1882,0.0,0,1627578135882,134,0.0
1627578137,1.18821,1.18821,0.0,0,1627578137012,134,0.0
1627578138,1.18826,1.18826,0.0,0,1627578138928,134,0.0
1627578141,1.18829,1.18829,0.0,0,1627578141149,134,0.0
1627578141,1.1883,1.1883,0.0,0,1627578141678,134,0.0
1627578142,1.18831,1.18831,0.0,0,1627578142898,134,0.0
1627578143,1.1883,1.1883,0.0,0,1627578143516,134,0.0
1627578144,1.18831,1.18832,0.0,0,1627578144800,134,0.0
1627578145,1.18831,1.18831,0.0,0,1627578145554,4,0.0
1627578147,1.18829,1.18829,0.0,0,1627578147739,134,0.0
1627578148,1.18828,1.18828,0.0,0,1627578148579,134,0.0
1627578149,1.1883,1.1883,0.0,0,1627578149090,134,0.0
1627578149,1.18831,1.18831,0.0,0,1627578149657,134,0.0
1627578150,1.1883,1.1883,0.0,0,1627578150612,134,0.0
1627578151,1.18831,1.18831,0.0,0,1627578151067,134,0.0
1627578152,1.18827,1.18827,0.0,0,1627578152218,134,0.0
1627578153,1.18833,1.18833,0.0,0,1627578153957,134,0.0
1627578155,1.18834,1.18834,0.0,0,1627578155124,134,0.0
1627578156,1.18835,1.18835,0.0,0,1627578156107,134,0.0
1627578156,1.18834,1.18834,0.0,0,1627578156613,134,0.0
1627578157,1.18833,1.18833,0.0,0,1627578157273,134,0.0
1627578160,1.18832,1.18832,0.0,0,1627578160615,134,0.0
1627578161,1.18833,1.18833,0.0,0,1627578161349,134,0.0
1627578164,1.18832,1.18833,0.0,0,1627578164714,130,0.0
1627578165,1.18833,1.18833,0.0,0,1627578165578,130,0.0
1627578169,1.18837,1.18837,0.0,0,1627578169559,134,0.0
1627578172,1.18834,1.18834,0.0,0,1627578172393,134,0.0
1627578176,1.18835,1.18835,0.0,0,1627578176206,134,0.0
1627578178,1.18833,1.18833,0.0,0,1627578178581,134,0.0
1627578180,1.18833,1.18833,0.0,0,1627578180143,130,0.0
1627578184,1.18832,1.18832,0.0,0,1627578184725,134,0.0
1627578185,1.18833,1.18833,0.0,0,1627578185578,134,0.0
1627578187,1.18837,1.18837,0.0,0,1627578187327,134,0.0
1627578193,1.1884000000000001,1.1884000000000001,0.0,0,1627578193827,134,0.0
1627578195,1.18838,1.18838,0.0,0,1627578195236,134,0.0
1627578195,1.18837,1.18837,0.0,0,1627578195749,134,0.0
1627578199,1.18835,1.18835,0.0,0,1627578199368,134,0.0
1627578200,1.18833,1.18833,0.0,0,1627578200170,134,0.0
1627578202,1.18832,1.18832,0.0,0,1627578202312,134,0.0
1627578205,1.18833,1.18833,0.0,0,1627578205635,134,0.0
1627578206,1.18832,1.18832,0.0,0,1627578206169,134,0.0
1627578207,1.18827,1.18827,0.0,0,1627578207862,134,0.0
1627578209,1.18826,1.18826,0.0,0,1627578209138,134,0.0
1627578210,1.18822,1.18822,0.0,0,1627578210535,134,0.0
1627578212,1.1882,1.1882,0.0,0,1627578212624,134,0.0
1627578214,1.18819,1.18819,0.0,0,1627578214046,134,0.0
1627578215,1.18818,1.18818,0.0,0,1627578215842,134,0.0
1627578216,1.18819,1.18819,0.0,0,1627578216511,134,0.0
1627578217,1.18817,1.18817,0.0,0,1627578217928,134,0.0
1627578220,1.1881599999999999,1.1881599999999999,0.0,0,1627578220455,134,0.0
1627578225,1.18817,1.18817,0.0,0,1627578225682,134,0.0
1627578228,1.1881599999999999,1.1881599999999999,0.0,0,1627578228521,134,0.0
1627578232,1.18819,1.18819,0.0,0,1627578232230,134,0.0
1627578234,1.1882,1.1882,0.0,0,1627578234057,134,0.0
1627578237,1.18819,1.18819,0.0,0,1627578237367,134,0.0
1627578237,1.18818,1.18818,0.0,0,1627578237876,134,0.0
1627578238,1.18819,1.18819,0.0,0,1627578238448,134,0.0
1627578238,1.1882,1.1882,0.0,0,1627578238957,134,0.0
1627578240,1.1882,1.1882,0.0,0,1627578240010,130,0.0
1627578240,1.18821,1.18821,0.0,0,1627578240668,134,0.0
1627578241,1.18814,1.18814,0.0,0,1627578241538,134,0.0
1627578241,1.18812,1.18812,0.0,0,1627578241996,134,0.0
1627578244,1.1880600000000001,1.1880600000000001,0.0,0,1627578244229,134,0.0
1627578246,1.18807,1.18807,0.0,0,1627578246239,134,0.0
1627578247,1.1881,1.1881,0.0,0,1627578247171,134,0.0
1627578247,1.18807,1.18807,0.0,0,1627578247836,134,0.0
1627578248,1.1880600000000001,1.1880600000000001,0.0,0,1627578248390,134,0.0
1627578248,1.18807,1.18807,0.0,0,1627578248899,134,0.0
1627578250,1.18802,1.18802,0.0,0,1627578250739,134,0.0
1627578251,1.18805,1.18805,0.0,0,1627578251242,134,0.0
1627578251,1.1880600000000001,1.1880600000000001,0.0,0,1627578251773,134,0.0
1627578252,1.18807,1.18807,0.0,0,1627578252276,134,0.0
1627578252,1.1880600000000001,1.1880600000000001,0.0,0,1627578252823,134,0.0
1627578253,1.18807,1.18807,0.0,0,1627578253421,134,0.0
1627578254,1.18804,1.18804,0.0,0,1627578254003,134,0.0
1627578254,1.18802,1.18802,0.0,0,1627578254503,134,0.0
1627578257,1.18803,1.18803,0.0,0,1627578257292,134,0.0
1627578257,1.18802,1.18802,0.0,0,1627578257812,134,0.0
1627578264,1.18803,1.18803,0.0,0,1627578264563,134,0.0
1627578265,1.18807,1.18807,0.0,0,1627578265777,134,0.0
1627578266,1.18802,1.18802,0.0,0,1627578266341,134,0.0
1627578271,1.18803,1.18803,0.0,0,1627578271620,134,0.0
1627578272,1.18805,1.18805,0.0,0,1627578272116,134,0.0
1627578272,1.18808,1.18808,0.0,0,1627578272690,134,0.0
1627578276,1.18807,1.18807,0.0,0,1627578276315,134,0.0
1627578277,1.18803,1.18803,0.0,0,1627578277060,134,0.0
1627578279,1.18802,1.18802,0.0,0,1627578279512,134,0.0
1627578280,1.18801,1.18801,0.0,0,1627578280126,134,0.0
1627578280,1.18802,1.18802,0.0,0,1627578280940,134,0.0
1627578282,1.18801,1.18801,0.0,0,1627578282713,134,0.0
1627578283,1.18802,1.18802,0.0,0,1627578283223,134,0.0
1627578284,1.18801,1.18801,0.0,0,1627578284580,134,0.0
1627578285,1.18805,1.18805,0.0,0,1627578285576,134,0.0
1627578286,1.18802,1.18802,0.0,0,1627578286073,134,0.0
1627578287,1.18801,1.18801,0.0,0,1627578287279,134,0.0
1627578288,1.188,1.18801,0.0,0,1627578288613,130,0.0
1627578289,1.18801,1.18801,0.0,0,1627578289165,130,0.0
1627578289,1.18802,1.18802,0.0,0,1627578289788,134,0.0
1627578293,1.18801,1.18801,0.0,0,1627578293272,134,0.0
1627578294,1.18802,1.18802,0.0,0,1627578294182,134,0.0
1627578300,1.18802,1.18802,0.0,0,1627578300085,130,0.0
1627578300,1.18803,1.18803,0.0,0,1627578300609,134,0.0
1627578301,1.18802,1.18802,0.0,0,1627578301094,134,0.0
1627578301,1.18807,1.18807,0.0,0,1627578301737,134,0.0
1627578304,1.1880600000000001,1.1880600000000001,0.0,0,1627578304449,134,0.0
1627578304,1.18807,1.18807,0.0,0,1627578304960,134,0.0
1627578307,1.18802,1.18802,0.0,0,1627578307043,134,0.0
1627578308,1.18801,1.18801,0.0,0,1627578308261,134,0.0
1627578308,1.18802,1.18802,0.0,0,1627578308991,134,0.0
1627578309,1.18805,1.18805,0.0,0,1627578309527,134,0.0
1627578311,1.18804,1.18804,0.0,0,1627578311872,134,0.0
1627578312,1.18803,1.18803,0.0,0,1627578312382,134,0.0
1627578315,1.18802,1.18802,0.0,0,1627578315020,134,0.0
1627578317,1.18801,1.18801,0.0,0,1627578317306,134,0.0
1627578317,1.188,1.188,0.0,0,1627578317841,134,0.0
1627578320,1.18802,1.18802,0.0,0,1627578320391,134,0.0
1627578321,1.18804,1.18804,0.0,0,1627578321071,134,0.0
1627578321,1.18807,1.18807,0.0,0,1627578321581,134,0.0
1627578324,1.18808,1.18808,0.0,0,1627578324230,134,0.0
1627578326,1.18809,1.18809,0.0,0,1627578326889,134,0.0
1627578327,1.18811,1.18811,0.0,0,1627578327429,134,0.0
1627578327,1.18807,1.18808,0.0,0,1627578327933,134,0.0
1627578328,1.18804,1.18804,0.0,0,1627578328553,134,0.0
1627578329,1.18805,1.18805,0.0,0,1627578329183,134,0.0
1627578329,1.18804,1.18804,0.0,0,1627578329705,134,0.0
1627578330,1.18805,1.18805,0.0,0,1627578330750,134,0.0
1627578333,1.18803,1.18803,0.0,0,1627578333028,134,0.0
1627578335,1.18802,1.18802,0.0,0,1627578335616,134,0.0
1627578337,1.18797,1.18797,0.0,0,1627578337786,134,0.0
1627578339,1.18798,1.18798,0.0,0,1627578339072,134,0.0
1627578339,1.188,1.188,0.0,0,1627578339610,134,0.0
1627578340,1.18801,1.18801,0.0,0,1627578340427,134,0.0
1627578341,1.18799,1.18799,0.0,0,1627578341617,134,0.0
1627578342,1.18798,1.18798,0.0,0,1627578342407,134,0.0
1627578344,1.18794,1.18794,0.0,0,1627578344237,134,0.0
1627578344,1.18795,1.18795,0.0,0,1627578344742,134,0.0
1627578345,1.18794,1.18794,0.0,0,1627578345258,134,0.0
1627578347,1.18787,1.18787,0.0,0,1627578347622,134,0.0
1627578348,1.18784,1.18784,0.0,0,1627578348109,134,0.0
1627578348,1.18785,1.18785,0.0,0,1627578348751,134,0.0
1627578349,1.18784,1.18784,0.0,0,1627578349310,134,0.0
1627578350,1.1878199999999999,1.1878199999999999,0.0,0,1627578350711,134,0.0
1627578351,1.1877900000000001,1.1877900000000001,0.0,0,1627578351351,134,0.0
1627578351,1.18781,1.18781,0.0,0,1627578351875,134,0.0
1627578352,1.18784,1.18784,0.0,0,1627578352352,134,0.0
1627578352,1.1878199999999999,1.1878199999999999,0.0,0,1627578352876,134,0.0
1627578355,1.18785,1.18785,0.0,0,1627578355157,134,0.0
1627578357,1.18788,1.18788,0.0,0,1627578357118,134,0.0
1627578358,1.1878199999999999,1.1878199999999999,0.0,0,1627578358259,134,0.0
1627578360,1.18781,1.18781,0.0,0,1627578360406,134,0.0
1627578363,1.1878199999999999,1.1878199999999999,0.0,0,1627578363069,134,0.0
1627578366,1.18781,1.18781,0.0,0,1627578366323,134,0.0
1627578368,1.1878199999999999,1.1878199999999999,0.0,0,1627578368258,134,0.0
1627578371,1.1877900000000001,1.1877900000000001,0.0,0,1627578371190,134,0.0
1627578373,1.18778,1.18778,0.0,0,1627578373406,134,0.0
1627578373,1.18772,1.18772,0.0,0,1627578373999,134,0.0
1627578375,1.18774,1.18774,0.0,0,1627578375119,134,0.0
1627578375,1.18776,1.18776,0.0,0,1627578375631,134,0.0
1627578377,1.18777,1.18777,0.0,0,1627578377497,134,0.0
1627578378,1.1878,1.1878,0.0,0,1627578378639,134,0.0
1627578379,1.18781,1.18781,0.0,0,1627578379142,134,0.0
1627578379,1.1878,1.1878,0.0,0,1627578379649,134,0.0
1627578380,1.18781,1.18781,0.0,0,1627578380344,134,0.0
1627578381,1.1877900000000001,1.1877900000000001,0.0,0,1627578381416,134,0.0
1627578381,1.18777,1.18777,0.0,0,1627578381929,134,0.0
1627578382,1.18776,1.18776,0.0,0,1627578382993,134,0.0
1627578384,1.18774,1.18774,0.0,0,1627578384370,134,0.0
1627578385,1.18773,1.18773,0.0,0,1627578385375,134,0.0
1627578385,1.18777,1.18777,0.0,0,1627578385909,134,0.0
1627578386,1.1878,1.1878,0.0,0,1627578386650,134,0.0
1627578387,1.18781,1.18781,0.0,0,1627578387174,134,0.0
1627578388,1.18783,1.18783,0.0,0,1627578388254,134,0.0
1627578388,1.18786,1.18786,0.0,0,1627578388731,134,0.0
1627578389,1.18787,1.18787,0.0,0,1627578389670,134,0.0
1627578392,1.18786,1.18786,0.0,0,1627578392051,134,0.0
1627578393,1.18788,1.18788,0.0,0,1627578393573,134,0.0
1627578395,1.18787,1.18787,0.0,0,1627578395472,134,0.0
1627578398,1.18786,1.18786,0.0,0,1627578398281,134,0.0
1627578398,1.18787,1.18787,0.0,0,1627578398822,134,0.0
1627578400,1.18786,1.18786,0.0,0,1627578400781,134,0.0
1627578402,1.18787,1.18787,0.0,0,1627578402020,134,0.0
1627578403,1.18786,1.18786,0.0,0,1627578403676,134,0.0
1627578408,1.18789,1.18789,0.0,0,1627578408179,134,0.0
1627578408,1.18793,1.18793,0.0,0,1627578408708,134,0.0
1627578409,1.18795,1.18795,0.0,0,1627578409924,134,0.0
1627578410,1.18788,1.18788,0.0,0,1627578410635,134,0.0
1627578413,1.18786,1.18786,0.0,0,1627578413788,134,0.0
1627578415,1.18785,1.18785,0.0,0,1627578415570,134,0.0
1627578416,1.18784,1.18784,0.0,0,1627578416078,134,0.0
1627578416,1.18786,1.18786,0.0,0,1627578416712,134,0.0
1627578418,1.18784,1.18784,0.0,0,1627578418266,134,0.0
1627578418,1.18785,1.18785,0.0,0,1627578418772,134,0.0
1627578419,1.18784,1.18785,0.0,0,1627578419534,130,0.0
1627578420,1.18785,1.18785,0.0,0,1627578420098,130,0.0
1627578421,1.18786,1.18786,0.0,0,1627578421587,134,0.0
1627578422,1.18791,1.18791,0.0,0,1627578422042,134,0.0
1627578422,1.18792,1.18792,0.0,0,1627578422456,134,0.0
1627578423,1.18795,1.18795,0.0,0,1627578423027,134,0.0
1627578423,1.18796,1.18796,0.0,0,1627578423546,134,0.0
1627578424,1.18795,1.18795,0.0,0,1627578424552,134,0.0
1627578426,1.18796,1.18796,0.0,0,1627578426134,134,0.0
1627578427,1.18795,1.18795,0.0,0,1627578427583,134,0.0
1627578431,1.18796,1.18796,0.0,0,1627578431383,134,0.0
1627578433,1.18791,1.18791,0.0,0,1627578433592,134,0.0
1627578434,1.1879,1.1879,0.0,0,1627578434471,134,0.0
1627578435,1.18791,1.18791,0.0,0,1627578435816,134,0.0
1627578436,1.18789,1.18789,0.0,0,1627578436556,134,0.0
1627578437,1.1879,1.1879,0.0,0,1627578437263,134,0.0
1627578438,1.18792,1.18792,0.0,0,1627578438364,134,0.0
1627578442,1.1879,1.1879,0.0,0,1627578442512,134,0.0
1627578444,1.18792,1.18792,0.0,0,1627578444244,134,0.0
1627578444,1.18791,1.18791,0.0,0,1627578444846,134,0.0
1627578445,1.1879,1.1879,0.0,0,1627578445767,134,0.0
1627578446,1.18792,1.18792,0.0,0,1627578446369,134,0.0
1627578446,1.18791,1.18791,0.0,0,1627578446941,134,0.0
1627578449,1.18795,1.18795,0.0,0,1627578449541,134,0.0
1627578453,1.18793,1.18793,0.0,0,1627578453236,134,0.0
1627578453,1.18795,1.18795,0.0,0,1627578453739,134,0.0
1627578456,1.18796,1.18796,0.0,0,1627578456709,134,0.0
1627578458,1.18799,1.18799,0.0,0,1627578458786,134,0.0
1627578459,1.188,1.188,0.0,0,1627578459293,134,0.0
1627578460,1.18799,1.18799,0.0,0,1627578460053,134,0.0
1627578460,1.188,1.188,0.0,0,1627578460554,134,0.0
1627578461,1.18799,1.18799,0.0,0,1627578461286,134,0.0
1627578462,1.188,1.188,0.0,0,1627578462224,134,0.0
1627578465,1.18799,1.18799,0.0,0,1627578465714,134,0.0
1627578466,1.18801,1.18801,0.0,0,1627578466411,134,0.0
1627578467,1.188,1.188,0.0,0,1627578467233,134,0.0
1627578467,1.18799,1.18799,0.0,0,1627578467735,134,0.0
1627578468,1.188,1.188,0.0,0,1627578468472,134,0.0
1627578473,1.18796,1.18796,0.0,0,1627578473215,134,0.0
1627578473,1.18798,1.18798,0.0,0,1627578473715,134,0.0
1627578474,1.18796,1.18796,0.0,0,1627578474226,134,0.0
1627578475,1.18797,1.18797,0.0,0,1627578475284,134,0.0
1627578476,1.18795,1.18795,0.0,0,1627578476061,134,0.0
1627578478,1.18796,1.18796,0.0,0,1627578478701,134,0.0
1627578480,1.188,1.188,0.0,0,1627578480545,134,0.0
1627578481,1.18801,1.18801,0.0,0,1627578481527,134,0.0
1627578483,1.1881,1.1881,0.0,0,1627578483995,134,0.0
1627578485,1.18811,1.18811,0.0,0,1627578485447,134,0.0
1627578486,1.18813,1.18813,0.0,0,1627578486751,134,0.0
1627578487,1.18811,1.18811,0.0,0,1627578487779,134,0.0
1627578492,1.18813,1.18813,0.0,0,1627578492326,134,0.0
1627578494,1.18811,1.18811,0.0,0,1627578494860,134,0.0
1627578495,1.18807,1.18807,0.0,0,1627578495474,134,0.0
1627578496,1.18821,1.18821,0.0,0,1627578496902,134,0.0
1627578497,1.1882,1.1882,0.0,0,1627578497405,134,0.0
1627578499,1.18821,1.18821,0.0,0,1627578499281,134,0.0
1627578501,1.1881599999999999,1.1881599999999999,0.0,0,1627578501713,134,0.0
1627578503,1.18817,1.18817,0.0,0,1627578503517,134,0.0
1627578507,1.18817,1.18818,0.0,0,1627578507567,4,0.0
1627578509,1.18818,1.18818,0.0,0,1627578509625,130,0.0
1627578510,1.1882,1.1882,0.0,0,1627578510839,134,0.0
1627578511,1.18818,1.18819,0.0,0,1627578511639,134,0.0
1627578512,1.18818,1.18818,0.0,0,1627578512166,4,0.0
1627578513,1.18817,1.18817,0.0,0,1627578513867,134,0.0
1627578516,1.1881599999999999,1.1881599999999999,0.0,0,1627578516252,134,0.0
1627578516,1.18815,1.1881599999999999,0.0,0,1627578516826,130,0.0
1627578517,1.1881599999999999,1.1881599999999999,0.0,0,1627578517412,130,0.0
1627578519,1.18811,1.18811,0.0,0,1627578519813,134,0.0
1627578520,1.18812,1.18812,0.0,0,1627578520653,134,0.0
1627578522,1.18811,1.18811,0.0,0,1627578522286,134,0.0
1627578523,1.1881599999999999,1.1881599999999999,0.0,0,1627578523255,134,0.0
1627578524,1.18819,1.18819,0.0,0,1627578524947,134,0.0
1627578530,1.18818,1.18818,0.0,0,1627578530398,134,0.0
1627578531,1.18815,1.18815,0.0,0,1627578531377,134,0.0
1627578531,1.18812,1.18812,0.0,0,1627578531873,134,0.0
1627578532,1.18811,1.18811,0.0,0,1627578532548,134,0.0
1627578534,1.18812,1.18812,0.0,0,1627578534153,134,0.0
1627578536,1.18811,1.18811,0.0,0,1627578536905,134,0.0
1627578540,1.18811,1.18811,0.0,0,1627578540555,130,0.0
1627578543,1.18812,1.18812,0.0,0,1627578543161,134,0.0
1627578544,1.18811,1.18811,0.0,0,1627578544328,134,0.0
1627578545,1.1881,1.1881,0.0,0,1627578545016,134,0.0
1627578545,1.18808,1.18809,0.0,0,1627578545727,134,0.0
1627578546,1.18808,1.18808,0.0,0,1627578546240,4,0.0
1627578548,1.18809,1.18809,0.0,0,1627578548298,134,0.0
1627578548,1.1881,1.1881,0.0,0,1627578548821,134,0.0
1627578550,1.18807,1.18807,0.0,0,1627578550354,134,0.0
1627578551,1.1880600000000001,1.1880600000000001,0.0,0,1627578551932,134,0.0
1627578552,1.18807,1.18807,0.0,0,1627578552578,134,0.0
1627578553,1.1880600000000001,1.1880600000000001,0.0,0,1627578553608,134,0.0
1627578554,1.18805,1.18805,0.0,0,1627578554576,134,0.0
1627578557,1.18804,1.18804,0.0,0,1627578557949,134,0.0
1627578560,1.18803,1.18803,0.0,0,1627578560684,134,0.0
1627578562,1.18804,1.18804,0.0,0,1627578562538,134,0.0
1627578565,1.18801,1.18801,0.0,0,1627578565788,134,0.0
1627578590,1.188,1.188,0.0,0,1627578590593,134,0.0
1627578591,1.18801,1.18801,0.0,0,1627578591097,134,0.0
1627578600,1.18805,1.18805,0.0,0,1627578600687,134,0.0
1627578601,1.18804,1.18804,0.0,0,1627578601154,134,0.0
1627578602,1.18805,1.18805,0.0,0,1627578602233,134,0.0
1627578603,1.1880600000000001,1.1880600000000001,0.0,0,1627578603359,134,0.0
1627578605,1.18807,1.18807,0.0,0,1627578605974,134,0.0
1627578607,1.1880600000000001,1.1880600000000001,0.0,0,1627578607102,134,0.0
1627578608,1.18804,1.18804,0.0,0,1627578608168,134,0.0
1627578608,1.18805,1.18805,0.0,0,1627578608773,134,0.0
1627578609,1.18804,1.18804,0.0,0,1627578609398,134,0.0
1627578612,1.18802,1.18802,0.0,0,1627578612405,134,0.0
1627578614,1.18801,1.18801,0.0,0,1627578614150,134,0.0
1627578614,1.188,1.188,0.0,0,1627578614790,134,0.0
1627578615,1.18801,1.18801,0.0,0,1627578615990,134,0.0
1627578623,1.18802,1.18802,0.0,0,1627578623232,134,0.0
1627578626,1.18805,1.18805,0.0,0,1627578626100,134,0.0
1627578626,1.1880600000000001,1.1880600000000001,0.0,0,1627578626774,134,0.0
1627578628,1.18805,1.18805,0.0,0,1627578628043,134,0.0
1627578630,1.18807,1.18807,0.0,0,1627578630496,134,0.0
1627578633,1.188,1.188,0.0,0,1627578633141,134,0.0
1627578635,1.18798,1.18798,0.0,0,1627578635741,134,0.0
1627578640,1.18797,1.18797,0.0,0,1627578640209,134,0.0
1627578641,1.18798,1.18798,0.0,0,1627578641663,134,0.0
1627578643,1.18797,1.18797,0.0,0,1627578643837,134,0.0
1627578645,1.18798,1.18798,0.0,0,1627578645507,134,0.0
1627578646,1.18797,1.18797,0.0,0,1627578646636,134,0.0
1627578651,1.18798,1.18798,0.0,0,1627578651764,134,0.0
1627578657,1.188,1.188,0.0,0,1627578657845,134,0.0
1627578659,1.18799,1.18799,0.0,0,1627578659945,134,0.0
1627578660,1.188,1.188,0.0,0,1627578660708,134,0.0
1627578665,1.18799,1.18799,0.0,0,1627578665083,134,0.0
1627578666,1.18798,1.18798,0.0,0,1627578666600,134,0.0
1627578667,1.188,1.188,0.0,0,1627578667326,134,0.0
1627578668,1.18799,1.18799,0.0,0,1627578668552,134,0.0
1627578669,1.18798,1.18798,0.0,0,1627578669618,134,0.0
1627578671,1.18799,1.18799,0.0,0,1627578671349,134,0.0
1627578672,1.188,1.188,0.0,0,1627578672060,134,0.0
1627578673,1.18801,1.18801,0.0,0,1627578673257,134,0.0
1627578679,1.18803,1.18803,0.0,0,1627578679125,134,0.0
1627578680,1.18805,1.18805,0.0,0,1627578680767,134,0.0
1627578681,1.18809,1.18809,0.0,0,1627578681273,134,0.0
1627578682,1.1881,1.1881,0.0,0,1627578682855,134,0.0
1627578684,1.18811,1.18811,0.0,0,1627578684416,134,0.0
1627578686,1.1881,1.1881,0.0,0,1627578686151,134,0.0
1627578686,1.18808,1.18808,0.0,0,1627578686700,134,0.0
1627578687,1.18809,1.18809,0.0,0,1627578687429,134,0.0
1627578688,1.18808,1.18808,0.0,0,1627578688631,134,0.0
1627578689,1.18807,1.18807,0.0,0,1627578689123,134,0.0
1627578691,1.1880600000000001,1.1880600000000001,0.0,0,1627578691013,134,0.0
1627578696,1.18805,1.18805,0.0,0,1627578696451,134,0.0
1627578698,1.18804,1.18804,0.0,0,1627578698805,134,0.0
1627578701,1.18803,1.18803,0.0,0,1627578701571,134,0.0
1627578702,1.18802,1.18802,0.0,0,1627578702819,134,0.0
1627578704,1.18801,1.18801,0.0,0,1627578704052,134,0.0
1627578711,1.188,1.188,0.0,0,1627578711849,134,0.0
1627578714,1.18801,1.18801,0.0,0,1627578714126,134,0.0
1627578714,1.188,1.188,0.0,0,1627578714635,134,0.0
1627578716,1.18799,1.18799,0.0,0,1627578716799,134,0.0
1627578717,1.18798,1.18798,0.0,0,1627578717521,134,0.0
1627578719,1.18799,1.18799,0.0,0,1627578719247,134,0.0
1627578720,1.18799,1.18799,0.0,0,1627578720550,130,0.0
1627578722,1.18798,1.18798,0.0,0,1627578722754,134,0.0
1627578723,1.18797,1.18797,0.0,0,1627578723321,134,0.0
1627578723,1.18799,1.18799,0.0,0,1627578723983,134,0.0
1627578724,1.18798,1.18798,0.0,0,1627578724643,134,0.0
1627578728,1.18797,1.18797,0.0,0,1627578728617,134,0.0
1627578731,1.18798,1.18798,0.0,0,1627578731258,134,0.0
1627578731,1.18798,1.18799,0.0,0,1627578731794,4,0.0
1627578733,1.18798,1.18798,0.0,0,1627578733622,4,0.0
1627578734,1.18805,1.18805,0.0,0,1627578734628,134,0.0
1627578735,1.1880600000000001,1.1880600000000001,0.0,0,1627578735678,134,0.0
1627578736,1.18803,1.18803,0.0,0,1627578736221,134,0.0
1627578736,1.18802,1.18802,0.0,0,1627578736941,134,0.0
1627578739,1.18801,1.18801,0.0,0,1627578739155,134,0.0
1627578751,1.18804,1.18804,0.0,0,1627578751017,134,0.0
1627578752,1.18801,1.18801,0.0,0,1627578752765,134,0.0
1627578766,1.18804,1.18804,0.0,0,1627578766373,134,0.0
1627578767,1.18805,1.18805,0.0,0,1627578767791,134,0.0
1627578770,1.1880600000000001,1.1880600000000001,0.0,0,1627578770136,134,0.0
1627578770,1.18807,1.18807,0.0,0,1627578770642,134,0.0
1627578773,1.18803,1.18803,0.0,0,1627578773109,134,0.0
1627578774,1.18803,1.18804,0.0,0,1627578774131,4,0.0
1627578774,1.18803,1.18803,0.0,0,1627578774792,4,0.0
1627578775,1.18803,1.18804,0.0,0,1627578775940,4,0.0
1627578777,1.18803,1.18803,0.0,0,1627578777375,4,0.0
1627578777,1.1880600000000001,1.1880600000000001,0.0,0,1627578777896,134,0.0
1627578780,1.1880600000000001,1.1880600000000001,0.0,0,1627578780536,130,0.0
1627578782,1.1881,1.1881,0.0,0,1627578782071,134,0.0
1627578784,1.18807,1.18807,0.0,0,1627578784368,134,0.0
1627578784,1.18808,1.18808,0.0,0,1627578784912,134,0.0
1627578785,1.18809,1.18809,0.0,0,1627578785665,134,0.0
1627578796,1.18805,1.18805,0.0,0,1627578796676,134,0.0
1627578797,1.18807,1.18807,0.0,0,1627578797193,134,0.0
1627578798,1.18809,1.18809,0.0,0,1627578798424,134,0.0
1627578806,1.18819,1.18819,0.0,0,1627578806413,134,0.0
1627578806,1.18827,1.18827,0.0,0,1627578806915,134,0.0
1627578807,1.18826,1.18826,0.0,0,1627578807434,134,0.0
1627578809,1.18825,1.18825,0.0,0,1627578809232,134,0.0
1627578809,1.18826,1.18826,0.0,0,1627578809787,134,0.0
1627578811,1.18824,1.18824,0.0,0,1627578811604,134,0.0
1627578812,1.18825,1.18825,0.0,0,1627578812691,134,0.0
1627578818,1.18824,1.18824,0.0,0,1627578818842,134,0.0
1627578819,1.18825,1.18825,0.0,0,1627578819345,134,0.0
1627578819,1.18822,1.18822,0.0,0,1627578819865,134,0.0
1627578820,1.18824,1.18824,0.0,0,1627578820394,134,0.0
1627578821,1.18825,1.18825,0.0,0,1627578821311,134,0.0
1627578821,1.18824,1.18824,0.0,0,1627578821959,134,0.0
1627578823,1.18825,1.18825,0.0,0,1627578823896,134,0.0
1627578828,1.1883,1.1883,0.0,0,1627578828984,134,0.0
1627578829,1.18831,1.18831,0.0,0,1627578829490,134,0.0
1627578830,1.18832,1.18832,0.0,0,1627578830018,134,0.0
1627578831,1.18834,1.18834,0.0,0,1627578831125,134,0.0
1627578833,1.18831,1.18831,0.0,0,1627578833228,134,0.0
1627578840,1.18828,1.18828,0.0,0,1627578840678,134,0.0
1627578841,1.1883,1.1883,0.0,0,1627578841764,134,0.0
1627578846,1.18831,1.18831,0.0,0,1627578846373,134,0.0
1627578853,1.1883,1.1883,0.0,0,1627578853253,134,0.0
1627578854,1.18832,1.18832,0.0,0,1627578854623,134,0.0
1627578855,1.18831,1.18831,0.0,0,1627578855124,134,0.0
1627578856,1.1883,1.1883,0.0,0,1627578856485,134,0.0
1627578859,1.18829,1.18829,0.0,0,1627578859480,134,0.0
1627578860,1.18826,1.18826,0.0,0,1627578860479,134,0.0
1627578865,1.18827,1.18827,0.0,0,1627578865397,134,0.0
1627578867,1.18826,1.18826,0.0,0,1627578867881,134,0.0
1627578871,1.18823,1.18823,0.0,0,1627578871120,134,0.0
1627578872,1.18824,1.18824,0.0,0,1627578872803,134,0.0
1627578873,1.18825,1.18825,0.0,0,1627578873303,134,0.0
1627578874,1.18826,1.18826,0.0,0,1627578874258,134,0.0
1627578877,1.1883,1.1883,0.0,0,1627578877760,134,0.0
1627578882,1.18831,1.18831,0.0,0,1627578882835,134,0.0
1627578886,1.18832,1.18832,0.0,0,1627578886350,134,0.0
1627578888,1.18831,1.18831,0.0,0,1627578888606,134,0.0
1627578894,1.18832,1.18832,0.0,0,1627578894210,134,0.0
1627578894,1.18833,1.18833,0.0,0,1627578894752,134,0.0
1627578895,1.1883,1.1883,0.0,0,1627578895790,134,0.0
1627578897,1.18835,1.18835,0.0,0,1627578897177,134,0.0
1627578897,1.18837,1.18837,0.0,0,1627578897674,134,0.0
1627578899,1.18833,1.18833,0.0,0,1627578899261,134,0.0
1627578900,1.18835,1.18835,0.0,0,1627578900536,134,0.0
1627578901,1.18837,1.18837,0.0,0,1627578901199,134,0.0
1627578909,1.18836,1.18836,0.0,0,1627578909642,134,0.0
1627578910,1.18837,1.18837,0.0,0,1627578910641,134,0.0
1627578913,1.18839,1.18839,0.0,0,1627578913797,134,0.0
1627578914,1.1884000000000001,1.1884000000000001,0.0,0,1627578914369,134,0.0
1627578916,1.18839,1.18839,0.0,0,1627578916175,134,0.0
1627578917,1.18838,1.18838,0.0,0,1627578917318,134,0.0
1627578917,1.1884000000000001,1.1884000000000001,0.0,0,1627578917821,134,0.0
1627578918,1.18839,1.18839,0.0,0,1627578918390,134,0.0
1627578922,1.1884000000000001,1.1884000000000001,0.0,0,1627578922920,134,0.0
1627578924,1.18842,1.18842,0.0,0,1627578924776,134,0.0
1627578930,1.18847,1.18847,0.0,0,1627578930194,134,0.0
1627578932,1.18848,1.18848,0.0,0,1627578932901,134,0.0
1627578933,1.18847,1.18847,0.0,0,1627578933413,134,0.0
1627578946,1.1885,1.1885,0.0,0,1627578946263,134,0.0
1627578949,1.18855,1.18855,0.0,0,1627578949359,134,0.0
1627578949,1.18857,1.18857,0.0,0,1627578949861,134,0.0
1627578950,1.18852,1.18852,0.0,0,1627578950513,134,0.0
1627578952,1.18853,1.18853,0.0,0,1627578952207,134,0.0
1627578953,1.18852,1.18852,0.0,0,1627578953077,134,0.0
1627578954,1.18856,1.18856,0.0,0,1627578954294,134,0.0
1627578954,1.18857,1.18857,0.0,0,1627578954795,134,0.0
1627578955,1.18854,1.18854,0.0,0,1627578955342,134,0.0
1627578955,1.18856,1.18856,0.0,0,1627578955871,134,0.0
1627578956,1.18856,1.18857,0.0,0,1627578956472,4,0.0
1627578957,1.18857,1.18857,0.0,0,1627578957988,130,0.0
1627578958,1.18853,1.18853,0.0,0,1627578958499,134,0.0
1627578959,1.18854,1.18854,0.0,0,1627578959544,134,0.0
1627578960,1.18857,1.18857,0.0,0,1627578960155,134,0.0
1627578961,1.18859,1.18859,0.0,0,1627578961407,134,0.0
1627578962,1.18862,1.18862,0.0,0,1627578962981,134,0.0
1627578963,1.18865,1.18865,0.0,0,1627578963821,134,0.0
1627578964,1.18864,1.18864,0.0,0,1627578964401,134,0.0
1627578965,1.1886700000000001,1.1886700000000001,0.0,0,1627578965008,134,0.0
1627578965,1.18868,1.18868,0.0,0,1627578965530,134,0.0
1627578966,1.1886700000000001,1.1886700000000001,0.0,0,1627578966696,134,0.0
1627578967,1.18872,1.18872,0.0,0,1627578967507,134,0.0
1627578969,1.18875,1.18875,0.0,0,1627578969492,134,0.0
1627578970,1.18878,1.18878,0.0,0,1627578970033,134,0.0
1627578972,1.1887699999999999,1.1887699999999999,0.0,0,1627578972555,134,0.0
1627578975,1.1888,1.1888,0.0,0,1627578975026,134,0.0
1627578976,1.18878,1.18878,0.0,0,1627578976726,134,0.0
1627578977,1.18879,1.18879,0.0,0,1627578977272,134,0.0
1627578977,1.1888,1.1888,0.0,0,1627578977770,134,0.0
1627578980,1.18879,1.18879,0.0,0,1627578980098,134,0.0
1627578981,1.1888,1.1888,0.0,0,1627578981137,134,0.0
1627578985,1.1888,1.18881,0.0,0,1627578985532,4,0.0
1627578986,1.18878,1.18878,0.0,0,1627578986221,134,0.0
1627578987,1.1888,1.1888,0.0,0,1627578987953,134,0.0
1627578988,1.18878,1.18879,0.0,0,1627578988732,134,0.0
1627578989,1.18878,1.18878,0.0,0,1627578989292,4,0.0
1627578990,1.1887699999999999,1.1887699999999999,0.0,0,1627578990694,134,0.0
1627578991,1.18878,1.18878,0.0,0,1627578991194,134,0.0
1627578991,1.1888,1.1888,0.0,0,1627578991821,134,0.0
1627578992,1.18878,1.18878,0.0,0,1627578992332,134,0.0
1627578994,1.1888,1.1888,0.0,0,1627578994133,134,0.0
1627578996,1.18878,1.18878,0.0,0,1627578996100,134,0.0
1627578996,1.1888,1.1888,0.0,0,1627578996590,134,0.0
1627578997,1.18879,1.18879,0.0,0,1627578997114,134,0.0
1627578998,1.18878,1.18878,0.0,0,1627578998711,134,0.0
1627579001,1.1888,1.1888,0.0,0,1627579001792,134,0.0
1627579002,1.18879,1.18879,0.0,0,1627579002720,134,0.0
1627579003,1.1887699999999999,1.1887699999999999,0.0,0,1627579003775,134,0.0
1627579005,1.18878,1.18878,0.0,0,1627579005324,134,0.0
1627579007,1.18879,1.18879,0.0,0,1627579007564,134,0.0
1627579008,1.1887699999999999,1.1887699999999999,0.0,0,1627579008346,134,0.0
1627579008,1.18876,1.18876,0.0,0,1627579008904,134,0.0
1627579009,1.1887699999999999,1.1887699999999999,0.0,0,1627579009820,134,0.0
1627579011,1.18878,1.18878,0.0,0,1627579011139,134,0.0
1627579011,1.1887699999999999,1.1887699999999999,0.0,0,1627579011650,134,0.0
1627579012,1.18875,1.18875,0.0,0,1627579012340,134,0.0
1627579013,1.18876,1.18876,0.0,0,1627579013907,134,0.0
1627579014,1.18875,1.18875,0.0,0,1627579014419,134,0.0
1627579015,1.18873,1.18874,0.0,0,1627579015514,134,0.0
1627579016,1.18873,1.18873,0.0,0,1627579016663,4,0.0
1627579017,1.18871,1.18872,0.0,0,1627579017323,134,0.0
1627579018,1.18872,1.18872,0.0,0,1627579018436,130,0.0
1627579020,1.18872,1.18872,0.0,0,1627579020177,130,0.0
1627579021,1.1886700000000001,1.1886700000000001,0.0,0,1627579021250,134,0.0
1627579021,1.18869,1.18869,0.0,0,1627579021900,134,0.0
1627579022,1.1887,1.1887,0.0,0,1627579022404,134,0.0
1627579022,1.18869,1.18869,0.0,0,1627579022931,134,0.0
1627579023,1.18872,1.18872,0.0,0,1627579023503,134,0.0
1627579027,1.18875,1.18875,0.0,0,1627579027209,134,0.0
1627579029,1.18874,1.18875,0.0,0,1627579029978,130,0.0
1627579030,1.18874,1.18874,0.0,0,1627579030705,4,0.0
1627579031,1.18875,1.18875,0.0,0,1627579031200,134,0.0
1627579032,1.1888,1.1888,0.0,0,1627579032437,134,0.0
1627579033,1.18879,1.18879,0.0,0,1627579033034,134,0.0
1627579036,1.18878,1.18878,0.0,0,1627579036789,134,0.0
1627579044,1.18879,1.18879,0.0,0,1627579044516,134,0.0
1627579045,1.1888,1.1888,0.0,0,1627579045985,134,0.0
1627579048,1.18883,1.18883,0.0,0,1627579048943,134,0.0
1627579049,1.18884,1.18885,0.0,0,1627579049570,134,0.0
1627579050,1.18883,1.18883,0.0,0,1627579050223,134,0.0
1627579053,1.18885,1.18885,0.0,0,1627579053784,134,0.0
1627579058,1.18884,1.18884,0.0,0,1627579058710,134,0.0
1627579060,1.18885,1.18885,0.0,0,1627579060590,134,0.0
1627579062,1.18884,1.18884,0.0,0,1627579062254,134,0.0
1627579066,1.18885,1.18885,0.0,0,1627579066983,134,0.0
1627579068,1.18884,1.18885,0.0,0,1627579068466,130,0.0
1627579069,1.18884,1.18884,0.0,0,1627579069313,4,0.0
1627579069,1.18885,1.18885,0.0,0,1627579069880,134,0.0
1627579072,1.18884,1.18885,0.0,0,1627579072355,130,0.0
1627579073,1.18885,1.18885,0.0,0,1627579073085,130,0.0
1627579073,1.18887,1.18887,0.0,0,1627579073894,134,0.0
1627579074,1.18888,1.18888,0.0,0,1627579074398,134,0.0
1627579076,1.18887,1.18887,0.0,0,1627579076243,134,0.0
1627579080,1.18887,1.18887,0.0,0,1627579080679,130,0.0
1627579081,1.18882,1.18882,0.0,0,1627579081503,134,0.0
1627579083,1.18881,1.18881,0.0,0,1627579083093,134,0.0
1627579083,1.1888,1.1888,0.0,0,1627579083708,134,0.0
1627579084,1.18881,1.18881,0.0,0,1627579084223,134,0.0
1627579086,1.18886,1.18886,0.0,0,1627579086232,134,0.0
1627579089,1.1887699999999999,1.1887699999999999,0.0,0,1627579089391,134,0.0
1627579089,1.18876,1.18876,0.0,0,1627579089938,134,0.0
1627579093,1.18873,1.18873,0.0,0,1627579093822,134,0.0
1627579096,1.18868,1.18868,0.0,0,1627579096368,134,0.0
1627579097,1.1887,1.1887,0.0,0,1627579097016,134,0.0
1627579097,1.18869,1.18869,0.0,0,1627579097537,134,0.0
1627579104,1.18868,1.18868,0.0,0,1627579104563,134,0.0
1627579108,1.18871,1.18871,0.0,0,1627579108790,134,0.0
1627579112,1.18873,1.18873,0.0,0,1627579112272,134,0.0
1627579112,1.1887699999999999,1.1887699999999999,0.0,0,1627579112769,134,0.0
1627579114,1.18878,1.18878,0.0,0,1627579114403,134,0.0
1627579122,1.18881,1.18881,0.0,0,1627579122222,134,0.0
1627579122,1.18881,1.18882,0.0,0,1627579122739,4,0.0
1627579123,1.18879,1.18879,0.0,0,1627579123642,134,0.0
1627579124,1.18878,1.18878,0.0,0,1627579124425,134,0.0
1627579125,1.18878,1.18879,0.0,0,1627579125812,4,0.0
1627579126,1.18878,1.18878,0.0,0,1627579126325,4,0.0
1627579126,1.1887699999999999,1.1887699999999999,0.0,0,1627579126828,134,0.0
1627579127,1.18875,1.18875,0.0,0,1627579127384,134,0.0
1627579128,1.18874,1.18874,0.0,0,1627579128037,134,0.0
1627579129,1.18875,1.18875,0.0,0,1627579129580,134,0.0
1627579130,1.18874,1.18874,0.0,0,1627579130220,134,0.0
1627579131,1.18875,1.18875,0.0,0,1627579131227,134,0.0
1627579131,1.18873,1.18873,0.0,0,1627579131727,134,0.0
1627579132,1.1887,1.1887,0.0,0,1627579132402,134,0.0
1627579132,1.18869,1.18869,0.0,0,1627579132912,134,0.0
1627579134,1.18868,1.18868,0.0,0,1627579134495,134,0.0
1627579135,1.18869,1.18869,0.0,0,1627579135140,134,0.0
1627579135,1.1887,1.1887,0.0,0,1627579135689,134,0.0
1627579137,1.1886700000000001,1.1886700000000001,0.0,0,1627579137320,134,0.0
1627579137,1.18866,1.18866,0.0,0,1627579137955,134,0.0
1627579138,1.1886700000000001,1.1886700000000001,0.0,0,1627579138444,134,0.0
1627579138,1.18868,1.18868,0.0,0,1627579138988,134,0.0
1627579139,1.1886700000000001,1.1886700000000001,0.0,0,1627579139520,134,0.0
1627579140,1.18868,1.18868,0.0,0,1627579140572,134,0.0
1627579141,1.18871,1.18871,0.0,0,1627579141688,134,0.0
1627579142,1.1887,1.1887,0.0,0,1627579142916,134,0.0
1627579144,1.18871,1.18871,0.0,0,1627579144750,134,0.0
1627579148,1.1887,1.1887,0.0,0,1627579148593,134,0.0
1627579149,1.18871,1.18871,0.0,0,1627579149336,134,0.0
1627579153,1.18875,1.18875,0.0,0,1627579153388,134,0.0
1627579154,1.1887699999999999,1.1887699999999999,0.0,0,1627579154567,134,0.0
1627579156,1.1888,1.1888,0.0,0,1627579156173,134,0.0
1627579159,1.18878,1.18878,0.0,0,1627579159617,134,0.0
1627579163,1.1888,1.1888,0.0,0,1627579163137,134,0.0
1627579164,1.18879,1.1888,0.0,0,1627579164323,130,0.0
1627579165,1.18879,1.18879,0.0,0,1627579165518,4,0.0
1627579166,1.18878,1.18878,0.0,0,1627579166019,134,0.0
1627579167,1.18876,1.18876,0.0,0,1627579167251,134,0.0
1627579168,1.18875,1.18875,0.0,0,1627579168331,134,0.0
1627579169,1.1887699999999999,1.1887699999999999,0.0,0,1627579169025,134,0.0
1627579169,1.18878,1.18878,0.0,0,1627579169528,134,0.0
1627579170,1.18882,1.18882,0.0,0,1627579170138,134,0.0
1627579171,1.18883,1.18883,0.0,0,1627579171923,134,0.0
1627579172,1.18885,1.18885,0.0,0,1627579172970,134,0.0
1627579174,1.18885,1.18886,0.0,0,1627579174055,4,0.0
1627579174,1.18884,1.18885,0.0,0,1627579174564,134,0.0
1627579175,1.18887,1.18887,0.0,0,1627579175583,134,0.0
1627579176,1.18888,1.18888,0.0,0,1627579176107,134,0.0
1627579176,1.18887,1.18887,0.0,0,1627579176641,134,0.0
1627579179,1.18888,1.18888,0.0,0,1627579179891,134,0.0
1627579181,1.18886,1.18886,0.0,0,1627579181370,134,0.0
1627579181,1.18885,1.18885,0.0,0,1627579181884,134,0.0
1627579183,1.18886,1.18886,0.0,0,1627579183403,134,0.0
1627579184,1.18883,1.18883,0.0,0,1627579184037,134,0.0
1627579189,1.18882,1.18882,0.0,0,1627579189728,134,0.0
1627579195,1.18883,1.18883,0.0,0,1627579195813,134,0.0
1627579196,1.18882,1.18882,0.0,0,1627579196467,134,0.0
1627579197,1.18883,1.18883,0.0,0,1627579197688,134,0.0
1627579200,1.18884,1.18884,0.0,0,1627579200209,134,0.0
1627579201,1.18883,1.18883,0.0,0,1627579201288,134,0.0
1627579201,1.18882,1.18882,0.0,0,1627579201794,134,0.0
1627579207,1.18879,1.18879,0.0,0,1627579207029,134,0.0
1627579208,1.1887699999999999,1.1887699999999999,0.0,0,1627579208641,134,0.0
1627579209,1.18878,1.18878,0.0,0,1627579209167,134,0.0
1627579212,1.1888,1.1888,0.0,0,1627579212082,134,0.0
1627579213,1.18881,1.18881,0.0,0,1627579213768,134,0.0
1627579215,1.18878,1.18878,0.0,0,1627579215998,134,0.0
1627579218,1.18879,1.18879,0.0,0,1627579218595,134,0.0
1627579219,1.18878,1.18878,0.0,0,1627579219146,134,0.0
1627579228,1.1888,1.1888,0.0,0,1627579228122,134,0.0
1627579236,1.18878,1.18878,0.0,0,1627579236776,134,0.0
1627579238,1.18878,1.18879,0.0,0,1627579238373,4,0.0
1627579240,1.18878,1.18878,0.0,0,1627579240547,4,0.0
1627579245,1.18873,1.18873,0.0,0,1627579245193,134,0.0
1627579246,1.18872,1.18872,0.0,0,1627579246101,134,0.0
1627579251,1.18871,1.18871,0.0,0,1627579251382,134,0.0
1627579252,1.18872,1.18872,0.0,0,1627579252307,134,0.0
1627579252,1.18871,1.18872,0.0,0,1627579252856,130,0.0
1627579253,1.18872,1.18872,0.0,0,1627579253442,130,0.0
1627579255,1.18873,1.18873,0.0,0,1627579255442,134,0.0
1627579259,1.18875,1.18875,0.0,0,1627579259171,134,0.0
1627579260,1.18874,1.18875,0.0,0,1627579260942,130,0.0
1627579262,1.18878,1.18878,0.0,0,1627579262448,134,0.0
1627579264,1.18878,1.18879,0.0,0,1627579264273,4,0.0
1627579264,1.18879,1.18879,0.0,0,1627579264802,130,0.0
1627579266,1.18878,1.18878,0.0,0,1627579266450,134,0.0
1627579272,1.18876,1.18876,0.0,0,1627579272896,134,0.0
1627579273,1.18875,1.18875,0.0,0,1627579273462,134,0.0
1627579275,1.18874,1.18874,0.0,0,1627579275202,134,0.0
1627579276,1.18872,1.18872,0.0,0,1627579276515,134,0.0
1627579278,1.18871,1.18871,0.0,0,1627579278565,134,0.0
1627579283,1.18872,1.18872,0.0,0,1627579283050,134,0.0
1627579283,1.18876,1.18876,0.0,0,1627579283583,134,0.0
1627579284,1.1887699999999999,1.1887699999999999,0.0,0,1627579284702,134,0.0
1627579286,1.18878,1.18878,0.0,0,1627579286719,134,0.0
1627579293,1.1887699999999999,1.1887699999999999,0.0,0,1627579293294,134,0.0
1627579298,1.18878,1.18878,0.0,0,1627579298111,134,0.0
1627579301,1.18879,1.18879,0.0,0,1627579301157,134,0.0
1627579303,1.18883,1.18883,0.0,0,1627579303698,134,0.0
1627579304,1.18884,1.18884,0.0,0,1627579304926,134,0.0
1627579306,1.18886,1.18886,0.0,0,1627579306267,134,0.0
1627579311,1.18884,1.18884,0.0,0,1627579311636,134,0.0
1627579313,1.18886,1.18886,0.0,0,1627579313193,134,0.0
1627579314,1.18885,1.18885,0.0,0,1627579314448,134,0.0
1627579318,1.18886,1.18886,0.0,0,1627579318521,134,0.0
1627579320,1.18887,1.18887,0.0,0,1627579320554,134,0.0
1627579323,1.18888,1.18888,0.0,0,1627579323823,134,0.0
1627579329,1.18887,1.18887,0.0,0,1627579329745,134,0.0
1627579330,1.18883,1.18883,0.0,0,1627579330855,134,0.0
1627579331,1.18881,1.18881,0.0,0,1627579331596,134,0.0
1627579332,1.18878,1.18878,0.0,0,1627579332646,134,0.0
1627579334,1.1888,1.1888,0.0,0,1627579334959,134,0.0
1627579339,1.18881,1.18881,0.0,0,1627579339502,134,0.0
1627579342,1.18882,1.18882,0.0,0,1627579342548,134,0.0
1627579344,1.18885,1.18885,0.0,0,1627579344669,134,0.0
1627579350,1.18887,1.18887,0.0,0,1627579350459,134,0.0
1627579355,1.18886,1.18886,0.0,0,1627579355575,134,0.0
1627579356,1.18881,1.18881,0.0,0,1627579356877,134,0.0
1627579357,1.18882,1.18882,0.0,0,1627579357399,134,0.0
1627579357,1.18878,1.18878,0.0,0,1627579357999,134,0.0
1627579358,1.18876,1.18876,0.0,0,1627579358507,134,0.0
1627579359,1.18873,1.18873,0.0,0,1627579359621,134,0.0
1627579360,1.18874,1.18874,0.0,0,1627579360139,134,0.0
1627579360,1.18876,1.18876,0.0,0,1627579360656,134,0.0
1627579362,1.18875,1.18875,0.0,0,1627579362511,134,0.0
1627579364,1.18876,1.18876,0.0,0,1627579364924,134,0.0
1627579366,1.18875,1.18875,0.0,0,1627579366518,134,0.0
1627579367,1.18872,1.18872,0.0,0,1627579367647,134,0.0
1627579369,1.1887,1.1887,0.0,0,1627579369689,134,0.0
1627579370,1.18871,1.18871,0.0,0,1627579370206,134,0.0
1627579371,1.18874,1.18874,0.0,0,1627579371579,134,0.0
1627579372,1.18876,1.18876,0.0,0,1627579372177,134,0.0
1627579377,1.1887699999999999,1.1887699999999999,0.0,0,1627579377483,134,0.0
1627579380,1.1888,1.1888,0.0,0,1627579380201,134,0.0
1627579381,1.18881,1.18881,0.0,0,1627579381045,134,0.0
1627579384,1.18882,1.18882,0.0,0,1627579384028,134,0.0
1627579384,1.18881,1.18881,0.0,0,1627579384804,134,0.0
1627579385,1.18879,1.18879,0.0,0,1627579385491,134,0.0
1627579388,1.1888,1.1888,0.0,0,1627579388124,134,0.0
1627579390,1.18881,1.18881,0.0,0,1627579390317,134,0.0
1627579391,1.1888,1.1888,0.0,0,1627579391118,134,0.0
1627579392,1.18881,1.18881,0.0,0,1627579392569,134,0.0
1627579407,1.18882,1.18882,0.0,0,1627579407176,134,0.0
1627579407,1.18879,1.18879,0.0,0,1627579407683,134,0.0
1627579408,1.1888,1.1888,0.0,0,1627579408237,134,0.0
1627579408,1.18881,1.18881,0.0,0,1627579408764,134,0.0
1627579411,1.18882,1.18882,0.0,0,1627579411616,134,0.0
1627579412,1.18881,1.18881,0.0,0,1627579412850,134,0.0
1627579415,1.18885,1.18885,0.0,0,1627579415102,134,0.0
1627579416,1.18886,1.18886,0.0,0,1627579416790,134,0.0
1627579418,1.18885,1.18885,0.0,0,1627579418532,134,0.0
1627579419,1.18886,1.18886,0.0,0,1627579419411,134,0.0
1627579423,1.18888,1.18888,0.0,0,1627579423484,134,0.0
1627579424,1.18887,1.18887,0.0,0,1627579424674,134,0.0
1627579427,1.18888,1.18888,0.0,0,1627579427268,134,0.0
1627579427,1.18889,1.18889,0.0,0,1627579427773,134,0.0
1627579429,1.18888,1.18888,0.0,0,1627579429328,134,0.0
1627579431,1.18887,1.18887,0.0,0,1627579431895,134,0.0
1627579439,1.18886,1.18886,0.0,0,1627579439911,134,0.0
1627579440,1.18886,1.18886,0.0,0,1627579440443,130,0.0
1627579443,1.18887,1.18887,0.0,0,1627579443681,134,0.0
1627579451,1.18886,1.18886,0.0,0,1627579451283,134,0.0
1627579466,1.18885,1.18885,0.0,0,1627579466748,134,0.0
1627579467,1.18884,1.18884,0.0,0,1627579467600,134,0.0
1627579468,1.18881,1.18881,0.0,0,1627579468110,134,0.0
1627579469,1.18882,1.18882,0.0,0,1627579469807,134,0.0
1627579472,1.18883,1.18883,0.0,0,1627579472548,134,0.0
1627579476,1.18881,1.18881,0.0,0,1627579476617,134,0.0
1627579478,1.1888,1.1888,0.0,0,1627579478202,134,0.0
1627579480,1.18885,1.18885,0.0,0,1627579480760,134,0.0
1627579491,1.18886,1.18886,0.0,0,1627579491847,134,0.0
1627579492,1.18885,1.18885,0.0,0,1627579492812,134,0.0
1627579493,1.18886,1.18886,0.0,0,1627579493497,134,0.0
1627579499,1.18891,1.18891,0.0,0,1627579499629,134,0.0
1627579500,1.18891,1.18891,0.0,0,1627579500150,130,0.0
1627579501,1.18888,1.18888,0.0,0,1627579501250,134,0.0
1627579503,1.18887,1.18888,0.0,0,1627579503451,130,0.0
1627579503,1.18888,1.18888,0.0,0,1627579503997,130,0.0
1627579504,1.18886,1.18886,0.0,0,1627579504514,134,0.0
1627579507,1.18887,1.18887,0.0,0,1627579507441,134,0.0
1627579508,1.18886,1.18886,0.0,0,1627579508218,134,0.0
1627579511,1.18887,1.18887,0.0,0,1627579511625,134,0.0
1627579512,1.18886,1.18886,0.0,0,1627579512126,134,0.0
1627579516,1.18882,1.18882,0.0,0,1627579516980,134,0.0
1627579517,1.1888,1.1888,0.0,0,1627579517483,134,0.0
1627579518,1.18881,1.18881,0.0,0,1627579518166,134,0.0
1627579518,1.1888,1.1888,0.0,0,1627579518745,134,0.0
1627579520,1.18885,1.18885,0.0,0,1627579520818,134,0.0
1627579522,1.18881,1.18881,0.0,0,1627579522485,134,0.0
1627579531,1.18878,1.18878,0.0,0,1627579531177,134,0.0
1627579533,1.1887699999999999,1.1887699999999999,0.0,0,1627579533739,134,0.0
1627579538,1.1888,1.1888,0.0,0,1627579538783,134,0.0
1627579539,1.18881,1.18881,0.0,0,1627579539351,134,0.0
1627579542,1.18886,1.18886,0.0,0,1627579542450,134,0.0
1627579545,1.18885,1.18885,0.0,0,1627579545729,134,0.0
1627579546,1.18882,1.18882,0.0,0,1627579546260,134,0.0
1627579547,1.18881,1.18881,0.0,0,1627579547086,134,0.0
1627579551,1.1888,1.1888,0.0,0,1627579551438,134,0.0
1627579553,1.18881,1.18881,0.0,0,1627579553057,134,0.0
1627579554,1.18882,1.18882,0.0,0,1627579554065,134,0.0
1627579558,1.18881,1.18881,0.0,0,1627579558485,134,0.0
1627579560,1.18881,1.18881,0.0,0,1627579560621,130,0.0
1627579563,1.1888,1.1888,0.0,0,1627579563124,134,0.0
1627579568,1.18881,1.18881,0.0,0,1627579568510,134,0.0
1627579570,1.18883,1.18883,0.0,0,1627579570483,134,0.0
1627579571,1.18881,1.18881,0.0,0,1627579571876,134,0.0
1627579575,1.1888,1.1888,0.0,0,1627579575220,134,0.0
1627579575,1.18881,1.18881,0.0,0,1627579575766,134,0.0
1627579576,1.18879,1.18879,0.0,0,1627579576996,134,0.0
1627579577,1.1887699999999999,1.1887699999999999,0.0,0,1627579577516,134,0.0
1627579579,1.1888,1.1888,0.0,0,1627579579091,134,0.0
1627579579,1.18878,1.18878,0.0,0,1627579579706,134,0.0
1627579581,1.18875,1.18875,0.0,0,1627579581264,134,0.0
1627579582,1.18876,1.18876,0.0,0,1627579582445,134,0.0
1627579583,1.18874,1.18874,0.0,0,1627579583542,134,0.0
1627579584,1.18873,1.18873,0.0,0,1627579584065,134,0.0
1627579584,1.18872,1.18872,0.0,0,1627579584597,134,0.0
1627579585,1.18871,1.18871,0.0,0,1627579585839,134,0.0
1627579586,1.18872,1.18872,0.0,0,1627579586361,134,0.0
1627579587,1.18871,1.18871,0.0,0,1627579587825,134,0.0
1627579590,1.18869,1.18869,0.0,0,1627579590353,134,0.0
1627579590,1.1887,1.1887,0.0,0,1627579590867,134,0.0
1627579591,1.18871,1.18871,0.0,0,1627579591410,134,0.0
1627579594,1.1887,1.1887,0.0,0,1627579594103,134,0.0
1627579595,1.18869,1.18869,0.0,0,1627579595217,134,0.0
1627579596,1.1887,1.1887,0.0,0,1627579596567,134,0.0
1627579597,1.1886700000000001,1.18868,0.0,0,1627579597146,134,0.0
1627579598,1.1886700000000001,1.1886700000000001,0.0,0,1627579598196,4,0.0
1627579608,1.18866,1.18866,0.0,0,1627579608615,134,0.0
1627579614,1.1886700000000001,1.1886700000000001,0.0,0,1627579614114,134,0.0
1627579616,1.18866,1.18866,0.0,0,1627579616627,134,0.0
1627579617,1.18864,1.18864,0.0,0,1627579617360,134,0.0
1627579617,1.18866,1.18866,0.0,0,1627579617880,134,0.0
1627579618,1.18864,1.18864,0.0,0,1627579618397,134,0.0
1627579618,1.18865,1.18865,0.0,0,1627579618904,134,0.0
1627579619,1.18866,1.18866,0.0,0,1627579619495,134,0.0
1627579622,1.1886700000000001,1.1886700000000001,0.0,0,1627579622159,134,0.0
1627579623,1.18866,1.18866,0.0,0,1627579623072,134,0.0
1627579624,1.1886700000000001,1.1886700000000001,0.0,0,1627579624654,134,0.0
1627579626,1.18872,1.18872,0.0,0,1627579626343,134,0.0
1627579626,1.1887,1.1887,0.0,0,1627579626853,134,0.0
1627579627,1.18868,1.18868,0.0,0,1627579627351,134,0.0
1627579627,1.18866,1.18866,0.0,0,1627579627946,134,0.0
1627579628,1.18863,1.18863,0.0,0,1627579628468,134,0.0
1627579629,1.1886,1.1886,0.0,0,1627579629527,134,0.0
1627579630,1.18858,1.18858,0.0,0,1627579630544,134,0.0
1627579635,1.18859,1.18859,0.0,0,1627579635990,134,0.0
1627579637,1.18858,1.18858,0.0,0,1627579637015,134,0.0
1627579638,1.18857,1.18857,0.0,0,1627579638048,134,0.0
1627579639,1.18858,1.18858,0.0,0,1627579639646,134,0.0
1627579640,1.18857,1.18858,0.0,0,1627579640224,130,0.0
1627579640,1.18859,1.18859,0.0,0,1627579640750,134,0.0
1627579641,1.18858,1.18858,0.0,0,1627579641268,134,0.0
1627579644,1.18862,1.18862,0.0,0,1627579644634,134,0.0
1627579645,1.18863,1.18863,0.0,0,1627579645213,134,0.0
1627579645,1.18862,1.18862,0.0,0,1627579645839,134,0.0
1627579646,1.18863,1.18863,0.0,0,1627579646360,134,0.0
1627579646,1.18861,1.18861,0.0,0,1627579646864,134,0.0
1627579647,1.18861,1.18862,0.0,0,1627579647675,4,0.0
1627579650,1.18861,1.18861,0.0,0,1627579650210,4,0.0
1627579653,1.18863,1.18863,0.0,0,1627579653094,134,0.0
1627579653,1.18866,1.18866,0.0,0,1627579653609,134,0.0
1627579658,1.18865,1.18866,0.0,0,1627579658224,130,0.0
1627579658,1.18866,1.18866,0.0,0,1627579658747,130,0.0
1627579662,1.1886700000000001,1.1886700000000001,0.0,0,1627579662866,134,0.0
1627579664,1.18866,1.18866,0.0,0,1627579664219,134,0.0
1627579664,1.18869,1.18869,0.0,0,1627579664832,134,0.0
1627579666,1.18868,1.18868,0.0,0,1627579666554,134,0.0
1627579671,1.1886700000000001,1.1886700000000001,0.0,0,1627579671531,134,0.0
1627579675,1.18866,1.18866,0.0,0,1627579675719,134,0.0
1627579676,1.1886700000000001,1.1886700000000001,0.0,0,1627579676332,134,0.0
1627579679,1.18866,1.18866,0.0,0,1627579679365,134,0.0
1627579685,1.1886700000000001,1.1886700000000001,0.0,0,1627579685350,134,0.0
1627579690,1.1887,1.1887,0.0,0,1627579690418,134,0.0
1627579690,1.18871,1.18871,0.0,0,1627579690951,134,0.0
1627579692,1.1887,1.1887,0.0,0,1627579692549,134,0.0
1627579693,1.18871,1.18871,0.0,0,1627579693953,134,0.0
1627579695,1.18868,1.18868,0.0,0,1627579695691,134,0.0
1627579698,1.1886700000000001,1.1886700000000001,0.0,0,1627579698548,134,0.0
1627579699,1.18865,1.18865,0.0,0,1627579699063,134,0.0
1627579700,1.18866,1.18866,0.0,0,1627579700705,134,0.0
1627579702,1.18865,1.18865,0.0,0,1627579702596,134,0.0
1627579704,1.18865,1.18866,0.0,0,1627579704342,4,0.0
1627579704,1.18866,1.18866,0.0,0,1627579704884,130,0.0
1627579705,1.18865,1.18866,0.0,0,1627579705632,130,0.0
1627579706,1.18866,1.18866,0.0,0,1627579706141,130,0.0
1627579711,1.1886700000000001,1.1886700000000001,0.0,0,1627579711826,134,0.0
1627579712,1.18866,1.18866,0.0,0,1627579712727,134,0.0
1627579721,1.1887,1.1887,0.0,0,1627579721954,134,0.0
1627579726,1.1886700000000001,1.1886700000000001,0.0,0,1627579726678,134,0.0
1627579731,1.18868,1.18868,0.0,0,1627579731757,134,0.0
1627579732,1.1887,1.1887,0.0,0,1627579732291,134,0.0
1627579732,1.18868,1.18869,0.0,0,1627579732803,134,0.0
1627579733,1.18869,1.18869,0.0,0,1627579733317,130,0.0
1627579734,1.18868,1.18869,0.0,0,1627579734871,130,0.0
1627579735,1.18868,1.18868,0.0,0,1627579735486,4,0.0
1627579736,1.1887,1.1887,0.0,0,1627579736883,134,0.0
1627579737,1.1886700000000001,1.1886700000000001,0.0,0,1627579737895,134,0.0
1627579740,1.18864,1.18864,0.0,0,1627579740596,134,0.0
1627579742,1.18863,1.18863,0.0,0,1627579742117,134,0.0
1627579743,1.18862,1.18862,0.0,0,1627579743044,134,0.0
1627579746,1.18858,1.18858,0.0,0,1627579746861,134,0.0
1627579749,1.18859,1.18859,0.0,0,1627579749032,134,0.0
1627579751,1.18858,1.18859,0.0,0,1627579751276,130,0.0
1627579751,1.18859,1.18859,0.0,0,1627579751784,130,0.0
1627579754,1.18859,1.1886,0.0,0,1627579754000,4,0.0
1627579754,1.18859,1.18859,0.0,0,1627579754529,4,0.0
1627579756,1.1886,1.1886,0.0,0,1627579756786,134,0.0
1627579757,1.18859,1.18859,0.0,0,1627579757969,134,0.0
1627579760,1.1886,1.1886,0.0,0,1627579760140,134,0.0
1627579760,1.18858,1.18858,0.0,0,1627579760705,134,0.0
1627579761,1.18859,1.18859,0.0,0,1627579761283,134,0.0
1627579763,1.18858,1.18858,0.0,0,1627579763552,134,0.0
1627579765,1.18859,1.18859,0.0,0,1627579765686,134,0.0
1627579769,1.1886,1.1886,0.0,0,1627579769444,134,0.0
1627579770,1.18859,1.18859,0.0,0,1627579770353,134,0.0
1627579771,1.18861,1.18861,0.0,0,1627579771451,134,0.0
1627579775,1.1886,1.1886,0.0,0,1627579775268,134,0.0
1627579776,1.18858,1.18858,0.0,0,1627579776995,134,0.0
1627579777,1.18859,1.18859,0.0,0,1627579777577,134,0.0
1627579779,1.18858,1.18858,0.0,0,1627579779574,134,0.0
1627579780,1.18857,1.18857,0.0,0,1627579780084,134,0.0
1627579780,1.18858,1.18858,0.0,0,1627579780599,134,0.0
1627579781,1.18859,1.18859,0.0,0,1627579781261,134,0.0
1627579781,1.18857,1.18857,0.0,0,1627579781800,134,0.0
1627579782,1.18858,1.18858,0.0,0,1627579782316,134,0.0
1627579784,1.18859,1.18859,0.0,0,1627579784024,134,0.0
1627579784,1.18857,1.18857,0.0,0,1627579784532,134,0.0
1627579785,1.18859,1.18859,0.0,0,1627579785047,134,0.0
1627579785,1.1886,1.1886,0.0,0,1627579785599,134,0.0
1627579786,1.18859,1.18859,0.0,0,1627579786973,134,0.0
1627579788,1.18858,1.18858,0.0,0,1627579788047,134,0.0
1627579789,1.1886,1.1886,0.0,0,1627579789908,134,0.0
1627579790,1.18862,1.18862,0.0,0,1627579790478,134,0.0
1627579790,1.18861,1.18861,0.0,0,1627579790982,134,0.0
1627579791,1.1886,1.1886,0.0,0,1627579791490,134,0.0
1627579792,1.18862,1.18862,0.0,0,1627579792060,134,0.0
1627579793,1.18861,1.18861,0.0,0,1627579793888,134,0.0
1627579795,1.1886,1.1886,0.0,0,1627579795105,134,0.0
1627579795,1.18862,1.18862,0.0,0,1627579795654,134,0.0
1627579798,1.18863,1.18863,0.0,0,1627579798235,134,0.0
1627579798,1.18862,1.18862,0.0,0,1627579798744,134,0.0
1627579799,1.18861,1.18861,0.0,0,1627579799295,134,0.0
1627579800,1.18858,1.18858,0.0,0,1627579800104,134,0.0
1627579800,1.18859,1.18859,0.0,0,1627579800629,134,0.0
1627579802,1.18858,1.18858,0.0,0,1627579802470,134,0.0
1627579803,1.18857,1.18857,0.0,0,1627579803621,134,0.0
1627579807,1.18858,1.18858,0.0,0,1627579807551,134,0.0
1627579808,1.18859,1.18859,0.0,0,1627579808688,134,0.0
1627579810,1.1886,1.1886,0.0,0,1627579810030,134,0.0
1627579810,1.18861,1.18862,0.0,0,1627579810540,134,0.0
1627579811,1.18862,1.18862,0.0,0,1627579811940,130,0.0
1627579812,1.18861,1.18861,0.0,0,1627579812937,134,0.0
1627579819,1.18857,1.18857,0.0,0,1627579819019,134,0.0
1627579819,1.18858,1.18858,0.0,0,1627579819621,134,0.0
1627579820,1.18857,1.18857,0.0,0,1627579820173,134,0.0
1627579822,1.18856,1.18856,0.0,0,1627579822166,134,0.0
1627579825,1.18855,1.18855,0.0,0,1627579825535,134,0.0
1627579826,1.18856,1.18856,0.0,0,1627579826724,134,0.0
1627579827,1.18854,1.18854,0.0,0,1627579827376,134,0.0
1627579828,1.18856,1.18856,0.0,0,1627579828526,134,0.0
1627579830,1.18857,1.18857,0.0,0,1627579830859,134,0.0
1627579834,1.18856,1.18856,0.0,0,1627579834757,134,0.0
1627579835,1.18857,1.18857,0.0,0,1627579835366,134,0.0
1627579836,1.18858,1.18858,0.0,0,1627579836388,134,0.0
1627579836,1.18857,1.18857,0.0,0,1627579836938,134,0.0
1627579839,1.18854,1.18854,0.0,0,1627579839173,134,0.0
1627579843,1.18853,1.18853,0.0,0,1627579843151,134,0.0
1627579843,1.18852,1.18853,0.0,0,1627579843717,130,0.0
1627579844,1.18854,1.18854,0.0,0,1627579844216,134,0.0
1627579845,1.18853,1.18853,0.0,0,1627579845848,134,0.0
1627579846,1.18854,1.18854,0.0,0,1627579846471,134,0.0
1627579847,1.18853,1.18853,0.0,0,1627579847573,134,0.0
1627579856,1.18852,1.18852,0.0,0,1627579856672,134,0.0
1627579857,1.1885,1.1885,0.0,0,1627579857307,134,0.0
1627579860,1.18852,1.18852,0.0,0,1627579860192,134,0.0
1627579860,1.18851,1.18851,0.0,0,1627579860826,134,0.0
1627579861,1.18852,1.18852,0.0,0,1627579861424,134,0.0
1627579861,1.18851,1.18851,0.0,0,1627579861989,134,0.0
1627579867,1.18852,1.18852,0.0,0,1627579867861,134,0.0
1627579868,1.18855,1.18855,0.0,0,1627579868456,134,0.0
1627579870,1.18856,1.18856,0.0,0,1627579870339,134,0.0
1627579875,1.18855,1.18855,0.0,0,1627579875713,134,0.0
1627579876,1.18858,1.18858,0.0,0,1627579876755,134,0.0
1627579877,1.18859,1.18859,0.0,0,1627579877263,134,0.0
1627579877,1.1886,1.1886,0.0,0,1627579877764,134,0.0
1627579879,1.18861,1.18861,0.0,0,1627579879074,134,0.0
1627579879,1.18862,1.18862,0.0,0,1627579879829,134,0.0
1627579881,1.18861,1.18861,0.0,0,1627579881486,134,0.0
1627579895,1.18866,1.18866,0.0,0,1627579895450,134,0.0
1627579895,1.18861,1.18861,0.0,0,1627579895980,134,0.0
1627579903,1.18857,1.18857,0.0,0,1627579903210,134,0.0
1627579904,1.18861,1.18861,0.0,0,1627579904270,134,0.0
1627579905,1.1886,1.1886,0.0,0,1627579905306,134,0.0
1627579908,1.18861,1.18861,0.0,0,1627579908171,134,0.0
1627579909,1.18862,1.18862,0.0,0,1627579909230,134,0.0
1627579911,1.18861,1.18861,0.0,0,1627579911517,134,0.0
1627579913,1.18862,1.18862,0.0,0,1627579913510,134,0.0
1627579915,1.18865,1.18865,0.0,0,1627579915150,134,0.0
1627579915,1.18866,1.18866,0.0,0,1627579915725,134,0.0
1627579916,1.18865,1.18865,0.0,0,1627579916531,134,0.0
1627579917,1.18865,1.18866,0.0,0,1627579917076,4,0.0
1627579917,1.18866,1.18866,0.0,0,1627579917595,130,0.0
1627579920,1.18866,1.18866,0.0,0,1627579920539,130,0.0
1627579921,1.18864,1.18864,0.0,0,1627579921796,134,0.0
1627579922,1.18861,1.18861,0.0,0,1627579922307,134,0.0
1627579933,1.1886,1.1886,0.0,0,1627579933298,134,0.0
1627579936,1.18857,1.18857,0.0,0,1627579936030,134,0.0
1627579937,1.18855,1.18855,0.0,0,1627579937709,134,0.0
1627579938,1.18856,1.18856,0.0,0,1627579938721,134,0.0
1627579940,1.18857,1.18857,0.0,0,1627579940556,134,0.0
1627579942,1.18856,1.18856,0.0,0,1627579942255,134,0.0
1627579942,1.18857,1.18857,0.0,0,1627579942832,134,0.0
1627579946,1.18856,1.18856,0.0,0,1627579946271,134,0.0
1627579947,1.18855,1.18855,0.0,0,1627579947716,134,0.0
1627579953,1.18856,1.18857,0.0,0,1627579953851,134,0.0
1627579954,1.18857,1.18857,0.0,0,1627579954632,130,0.0
1627579957,1.18856,1.18856,0.0,0,1627579957680,134,0.0
1627579962,1.18856,1.18857,0.0,0,1627579962108,4,0.0
1627579962,1.18856,1.18856,0.0,0,1627579962609,4,0.0
1627579967,1.18854,1.18854,0.0,0,1627579967986,134,0.0
1627579968,1.18852,1.18852,0.0,0,1627579968849,134,0.0
1627579970,1.18851,1.18851,0.0,0,1627579970299,134,0.0
1627579970,1.18849,1.1885,0.0,0,1627579970799,134,0.0
1627579971,1.18851,1.18851,0.0,0,1627579971300,134,0.0
1627579974,1.1885,1.1885,0.0,0,1627579974318,134,0.0
1627579978,1.18852,1.18852,0.0,0,1627579978332,134,0.0
1627579978,1.1885,1.1885,0.0,0,1627579978867,134,0.0
1627579980,1.1885,1.1885,0.0,0,1627579980120,130,0.0
1627579982,1.18851,1.18851,0.0,0,1627579982205,134,0.0
1627579983,1.18847,1.18847,0.0,0,1627579983708,134,0.0
1627579986,1.18845,1.18845,0.0,0,1627579986366,134,0.0
1627579994,1.18846,1.18846,0.0,0,1627579994474,134,0.0
1627579998,1.18845,1.18845,0.0,0,1627579998659,134,0.0
1627580009,1.18846,1.18847,0.0,0,1627580009982,134,0.0
1627580010,1.18846,1.18846,0.0,0,1627580010608,4,0.0
1627580016,1.18847,1.18847,0.0,0,1627580016379,134,0.0
1627580025,1.18846,1.18846,0.0,0,1627580025207,134,0.0
1627580026,1.18845,1.18845,0.0,0,1627580026414,134,0.0
1627580031,1.18846,1.18846,0.0,0,1627580031212,134,0.0
1627580038,1.18847,1.18847,0.0,0,1627580038521,134,0.0
1627580040,1.18847,1.18847,0.0,0,1627580040681,130,0.0
1627580042,1.18846,1.18846,0.0,0,1627580042146,134,0.0
1627580044,1.18847,1.18847,0.0,0,1627580044288,134,0.0
1627580046,1.18846,1.18846,0.0,0,1627580046339,134,0.0
1627580050,1.18845,1.18845,0.0,0,1627580050719,134,0.0
1627580056,1.18842,1.18842,0.0,0,1627580056537,134,0.0
1627580057,1.1884000000000001,1.1884000000000001,0.0,0,1627580057102,134,0.0
1627580062,1.18841,1.18841,0.0,0,1627580062812,134,0.0
1627580063,1.18844,1.18844,0.0,0,1627580063333,134,0.0
1627580063,1.18845,1.18845,0.0,0,1627580063999,134,0.0
1627580064,1.18844,1.18844,0.0,0,1627580064961,134,0.0
1627580066,1.18845,1.18845,0.0,0,1627580066026,134,0.0
1627580070,1.18849,1.18849,0.0,0,1627580070538,134,0.0
1627580071,1.1885,1.1885,0.0,0,1627580071031,134,0.0
1627580074,1.18851,1.18851,0.0,0,1627580074834,134,0.0
1627580082,1.18847,1.18847,0.0,0,1627580082813,134,0.0
1627580083,1.18846,1.18846,0.0,0,1627580083399,134,0.0
1627580084,1.18847,1.18847,0.0,0,1627580084728,134,0.0
1627580085,1.18848,1.18848,0.0,0,1627580085268,134,0.0
1627580086,1.18851,1.18851,0.0,0,1627580086708,134,0.0
1627580095,1.18852,1.18852,0.0,0,1627580095060,134,0.0
1627580100,1.18852,1.18852,0.0,0,1627580100348,130,0.0
1627580100,1.18851,1.18851,0.0,0,1627580100925,134,0.0
1627580102,1.18855,1.18855,0.0,0,1627580102281,134,0.0
1627580102,1.18854,1.18854,0.0,0,1627580102784,134,0.0
1627580103,1.18855,1.18855,0.0,0,1627580103329,134,0.0
1627580105,1.18856,1.18856,0.0,0,1627580105752,134,0.0
1627580106,1.18857,1.18857,0.0,0,1627580106561,134,0.0
1627580107,1.1886,1.1886,0.0,0,1627580107829,134,0.0
1627580108,1.18858,1.18859,0.0,0,1627580108334,134,0.0
1627580109,1.18858,1.18858,0.0,0,1627580109198,4,0.0
1627580113,1.18857,1.18857,0.0,0,1627580113401,134,0.0
1627580114,1.18858,1.18858,0.0,0,1627580114448,134,0.0
1627580114,1.18857,1.18857,0.0,0,1627580114959,134,0.0
1627580117,1.18858,1.18858,0.0,0,1627580117617,134,0.0
1627580122,1.18861,1.18861,0.0,0,1627580122580,134,0.0
1627580123,1.1886,1.1886,0.0,0,1627580123614,134,0.0
1627580125,1.18861,1.18861,0.0,0,1627580125250,134,0.0
1627580135,1.1886700000000001,1.1886700000000001,0.0,0,1627580135162,134,0.0
1627580138,1.18866,1.1886700000000001,0.0,0,1627580138006,130,0.0
1627580138,1.1886700000000001,1.1886700000000001,0.0,0,1627580138671,130,0.0
1627580146,1.18863,1.18865,0.0,0,1627580146300,134,0.0
1627580147,1.18865,1.18865,0.0,0,1627580147285,130,0.0
1627580150,1.18864,1.18865,0.0,0,1627580150442,130,0.0
1627580151,1.18865,1.18866,0.0,0,1627580151128,134,0.0
1627580151,1.18866,1.18866,0.0,0,1627580151695,130,0.0
1627580158,1.18865,1.18865,0.0,0,1627580158516,134,0.0
1627580160,1.18865,1.18865,0.0,0,1627580160226,130,0.0
1627580166,1.18868,1.18868,0.0,0,1627580166776,134,0.0
1627580167,1.18866,1.18866,0.0,0,1627580167813,134,0.0
1627580169,1.1886700000000001,1.1886700000000001,0.0,0,1627580169208,134,0.0
1627580170,1.18866,1.18866,0.0,0,1627580170594,134,0.0
1627580172,1.1886700000000001,1.1886700000000001,0.0,0,1627580172706,134,0.0
1627580173,1.18866,1.18866,0.0,0,1627580173867,134,0.0
1627580174,1.18865,1.18865,0.0,0,1627580174593,134,0.0
1627580175,1.18864,1.18864,0.0,0,1627580175111,134,0.0
1627580176,1.18865,1.18865,0.0,0,1627580176117,134,0.0
1627580177,1.18862,1.18862,0.0,0,1627580177680,134,0.0
1627580178,1.18861,1.18861,0.0,0,1627580178550,134,0.0
1627580179,1.18864,1.18864,0.0,0,1627580179408,134,0.0
1627580180,1.18863,1.18863,0.0,0,1627580180442,134,0.0
1627580180,1.18862,1.18862,0.0,0,1627580180950,134,0.0
1627580185,1.18861,1.18861,0.0,0,1627580185144,134,0.0
1627580186,1.1886,1.18861,0.0,0,1627580186258,130,0.0
1627580187,1.18861,1.18861,0.0,0,1627580187582,130,0.0
1627580189,1.1886,1.1886,0.0,0,1627580189774,134,0.0
1627580195,1.18861,1.18861,0.0,0,1627580195269,134,0.0
1627580196,1.18862,1.18862,0.0,0,1627580196611,134,0.0
1627580197,1.18861,1.18861,0.0,0,1627580197495,134,0.0
1627580198,1.1886,1.1886,0.0,0,1627580198032,134,0.0
1627580198,1.18861,1.18861,0.0,0,1627580198553,134,0.0
1627580199,1.18862,1.18862,0.0,0,1627580199240,134,0.0
1627580200,1.18863,1.18863,0.0,0,1627580200300,134,0.0
1627580200,1.18865,1.18865,0.0,0,1627580200802,134,0.0
1627580208,1.18863,1.18863,0.0,0,1627580208577,134,0.0
1627580211,1.18865,1.18865,0.0,0,1627580211743,134,0.0
1627580212,1.18862,1.18862,0.0,0,1627580212369,134,0.0
1627580214,1.18864,1.18864,0.0,0,1627580214759,134,0.0
1627580215,1.18865,1.18865,0.0,0,1627580215472,134,0.0
1627580216,1.18866,1.18866,0.0,0,1627580216179,134,0.0
1627580217,1.1886700000000001,1.1886700000000001,0.0,0,1627580217414,134,0.0
1627580220,1.18866,1.18866,0.0,0,1627580220292,134,0.0
1627580222,1.1886700000000001,1.1886700000000001,0.0,0,1627580222974,134,0.0
1627580223,1.18868,1.18868,0.0,0,1627580223594,134,0.0
1627580224,1.18869,1.1887,0.0,0,1627580224102,134,0.0
1627580224,1.18869,1.18869,0.0,0,1627580224673,4,0.0
1627580227,1.1887,1.1887,0.0,0,1627580227003,134,0.0
1627580227,1.18869,1.18869,0.0,0,1627580227500,134,0.0
1627580229,1.1886700000000001,1.1886700000000001,0.0,0,1627580229272,134,0.0
1627580229,1.18866,1.18866,0.0,0,1627580229792,134,0.0
1627580231,1.1886700000000001,1.1886700000000001,0.0,0,1627580231468,134,0.0
1627580238,1.18866,1.18866,0.0,0,1627580238524,134,0.0
1627580249,1.18862,1.18862,0.0,0,1627580249259,134,0.0
1627580250,1.18861,1.18861,0.0,0,1627580250549,134,0.0
1627580252,1.18862,1.18862,0.0,0,1627580252297,134,0.0
1627580253,1.18861,1.18861,0.0,0,1627580253085,134,0.0
1627580256,1.18862,1.18862,0.0,0,1627580256910,134,0.0
1627580262,1.18866,1.18866,0.0,0,1627580262096,134,0.0
1627580271,1.1886700000000001,1.1886700000000001,0.0,0,1627580271410,134,0.0
1627580272,1.18866,1.18866,0.0,0,1627580272549,134,0.0
1627580276,1.18865,1.18865,0.0,0,1627580276472,134,0.0
1627580277,1.18866,1.18866,0.0,0,1627580277603,134,0.0
1627580280,1.18866,1.18866,0.0,0,1627580280795,130,0.0
1627580286,1.18868,1.18868,0.0,0,1627580286826,134,0.0
1627580288,1.1886700000000001,1.1886700000000001,0.0,0,1627580288922,134,0.0
1627580304,1.1887,1.1887,0.0,0,1627580304065,134,0.0
1627580308,1.18871,1.18871,0.0,0,1627580308451,134,0.0
1627580309,1.1887,1.1887,0.0,0,1627580309626,134,0.0
1627580310,1.1886700000000001,1.1886700000000001,0.0,0,1627580310513,134,0.0
1627580329,1.1887,1.1887,0.0,0,1627580329159,134,0.0
1627580333,1.1886700000000001,1.18868,0.0,0,1627580333369,134,0.0
1627580334,1.1886700000000001,1.1886700000000001,0.0,0,1627580334980,4,0.0
1627580341,1.1886700000000001,1.1886700000000001,0.0,0,1627580341902,130,0.0
1627580346,1.18863,1.18863,0.0,0,1627580346359,134,0.0
1627580346,1.18861,1.18862,0.0,0,1627580346862,134,0.0
1627580347,1.18861,1.18861,0.0,0,1627580347439,4,0.0
1627580348,1.18863,1.18864,0.0,0,1627580348913,134,0.0
1627580349,1.18863,1.18863,0.0,0,1627580349432,4,0.0
1627580350,1.18866,1.18866,0.0,0,1627580350545,134,0.0
1627580351,1.1886700000000001,1.1886700000000001,0.0,0,1627580351731,134,0.0
1627580354,1.18866,1.18866,0.0,0,1627580354006,134,0.0
1627580355,1.1886700000000001,1.1886700000000001,0.0,0,1627580355244,134,0.0
1627580358,1.18865,1.18865,0.0,0,1627580358844,134,0.0
1627580362,1.18866,1.18866,0.0,0,1627580362879,134,0.0
1627580364,1.18865,1.18866,0.0,0,1627580364202,130,0.0
1627580365,1.18865,1.18865,0.0,0,1627580365131,4,0.0
1627580367,1.18866,1.18866,0.0,0,1627580367634,134,0.0
1627580369,1.18865,1.18865,0.0,0,1627580369076,134,0.0
1627580374,1.18863,1.18863,0.0,0,1627580374268,134,0.0
1627580374,1.18861,1.18861,0.0,0,1627580374847,134,0.0
1627580375,1.18859,1.18859,0.0,0,1627580375348,134,0.0
1627580375,1.18857,1.18857,0.0,0,1627580375853,134,0.0
1627580381,1.18856,1.18856,0.0,0,1627580381489,134,0.0
1627580385,1.18853,1.18853,0.0,0,1627580385389,134,0.0
1627580385,1.18852,1.18852,0.0,0,1627580385896,134,0.0
1627580386,1.18852,1.18853,0.0,0,1627580386524,4,0.0
1627580387,1.18852,1.18852,0.0,0,1627580387050,4,0.0
1627580395,1.18851,1.18852,0.0,0,1627580395790,130,0.0
1627580396,1.1885,1.1885,0.0,0,1627580396765,134,0.0
1627580398,1.18851,1.18851,0.0,0,1627580398586,134,0.0
1627580400,1.18849,1.18849,0.0,0,1627580400541,134,0.0
1627580401,1.18851,1.18851,0.0,0,1627580401723,134,0.0
1627580402,1.18852,1.18852,0.0,0,1627580402153,134,0.0
1627580402,1.18855,1.18855,0.0,0,1627580402666,134,0.0
1627580403,1.18856,1.18856,0.0,0,1627580403373,134,0.0
1627580404,1.18857,1.18857,0.0,0,1627580404854,134,0.0
1627580405,1.18859,1.18859,0.0,0,1627580405455,134,0.0
1627580407,1.18861,1.18861,0.0,0,1627580407732,134,0.0
1627580408,1.18858,1.18858,0.0,0,1627580408320,134,0.0
1627580408,1.18859,1.18859,0.0,0,1627580408880,134,0.0
1627580409,1.18861,1.18861,0.0,0,1627580409447,134,0.0
1627580411,1.18857,1.18857,0.0,0,1627580411451,134,0.0
1627580413,1.18859,1.18859,0.0,0,1627580413294,134,0.0
1627580415,1.18857,1.18858,0.0,0,1627580415275,134,0.0
1627580416,1.18858,1.18858,0.0,0,1627580416129,130,0.0
1627580416,1.18859,1.18859,0.0,0,1627580416697,134,0.0
1627580417,1.1886,1.1886,0.0,0,1627580417213,134,0.0
1627580418,1.18857,1.18857,0.0,0,1627580418038,134,0.0
1627580419,1.18856,1.18856,0.0,0,1627580419850,134,0.0
1627580420,1.18857,1.18857,0.0,0,1627580420615,134,0.0
1627580422,1.18856,1.18856,0.0,0,1627580422296,134,0.0
1627580423,1.18857,1.18857,0.0,0,1627580423688,134,0.0
1627580425,1.18856,1.18856,0.0,0,1627580425743,134,0.0
1627580428,1.18857,1.18857,0.0,0,1627580428006,134,0.0
1627580429,1.18858,1.18858,0.0,0,1627580429032,134,0.0
1627580429,1.18859,1.18859,0.0,0,1627580429650,134,0.0
1627580430,1.18861,1.18861,0.0,0,1627580430139,134,0.0
1627580431,1.18858,1.18858,0.0,0,1627580431705,134,0.0
1627580438,1.18857,1.18857,0.0,0,1627580438259,134,0.0
1627580439,1.18858,1.18858,0.0,0,1627580439362,134,0.0
1627580440,1.18856,1.18856,0.0,0,1627580440581,134,0.0
1627580453,1.18857,1.18857,0.0,0,1627580453433,134,0.0
1627580453,1.18858,1.18858,0.0,0,1627580453961,134,0.0
1627580454,1.18859,1.18859,0.0,0,1627580454468,134,0.0
1627580456,1.18858,1.18858,0.0,0,1627580456549,134,0.0
1627580457,1.18857,1.18857,0.0,0,1627580457641,134,0.0
1627580460,1.18857,1.18857,0.0,0,1627580460928,130,0.0
1627580461,1.18855,1.18855,0.0,0,1627580461673,134,0.0
1627580463,1.18853,1.18853,0.0,0,1627580463216,134,0.0
1627580464,1.18854,1.18854,0.0,0,1627580464475,134,0.0
1627580465,1.18856,1.18856,0.0,0,1627580465593,134,0.0
1627580467,1.18857,1.18857,0.0,0,1627580467236,134,0.0
1627580477,1.18859,1.18859,0.0,0,1627580477263,134,0.0
1627580480,1.18858,1.18858,0.0,0,1627580480322,134,0.0
1627580482,1.18857,1.18858,0.0,0,1627580482931,130,0.0
1627580483,1.18855,1.18855,0.0,0,1627580483720,134,0.0
1627580484,1.18856,1.18856,0.0,0,1627580484339,134,0.0
1627580485,1.18857,1.18857,0.0,0,1627580485536,134,0.0
1627580486,1.18859,1.18859,0.0,0,1627580486291,134,0.0
1627580487,1.18858,1.18858,0.0,0,1627580487469,134,0.0
1627580487,1.18857,1.18857,0.0,0,1627580487996,134,0.0
1627580491,1.18856,1.18856,0.0,0,1627580491500,134,0.0
1627580514,1.18857,1.18857,0.0,0,1627580514536,134,0.0
1627580520,1.18857,1.18857,0.0,0,1627580520218,130,0.0
1627580523,1.18856,1.18856,0.0,0,1627580523263,134,0.0
1627580524,1.18852,1.18852,0.0,0,1627580524827,134,0.0
1627580526,1.18851,1.18851,0.0,0,1627580526403,134,0.0
1627580527,1.18852,1.18852,0.0,0,1627580527221,134,0.0
1627580527,1.18851,1.18851,0.0,0,1627580527841,134,0.0
1627580528,1.18852,1.18852,0.0,0,1627580528471,134,0.0
1627580530,1.18851,1.18851,0.0,0,1627580530387,134,0.0
1627580538,1.18852,1.18852,0.0,0,1627580538656,134,0.0
1627580541,1.18851,1.18851,0.0,0,1627580541011,134,0.0
1627580544,1.1885,1.1885,0.0,0,1627580544897,134,0.0
1627580546,1.18851,1.18851,0.0,0,1627580546655,134,0.0
1627580569,1.18852,1.18852,0.0,0,1627580569324,134,0.0
1627580570,1.18856,1.18856,0.0,0,1627580570347,134,0.0
1627580573,1.18854,1.18854,0.0,0,1627580573706,134,0.0
1627580574,1.18852,1.18852,0.0,0,1627580574209,134,0.0
1627580576,1.18857,1.18857,0.0,0,1627580576665,134,0.0
1627580581,1.18857,1.18857,0.0,0,1627580581136,130,0.0
1627580584,1.18856,1.18856,0.0,0,1627580584584,134,0.0
1627580594,1.18857,1.18857,0.0,0,1627580594576,134,0.0
1627580596,1.18858,1.18859,0.0,0,1627580596969,134,0.0
1627580597,1.1886,1.1886,0.0,0,1627580597483,134,0.0
1627580598,1.18861,1.18861,0.0,0,1627580598145,134,0.0
1627580601,1.18862,1.18862,0.0,0,1627580601973,134,0.0
1627580602,1.18863,1.18863,0.0,0,1627580602521,134,0.0
1627580608,1.18864,1.18864,0.0,0,1627580608347,134,0.0
1627580611,1.18863,1.18863,0.0,0,1627580611742,134,0.0
1627580612,1.18864,1.18864,0.0,0,1627580612273,134,0.0
1627580615,1.18866,1.18866,0.0,0,1627580615992,134,0.0
1627580627,1.18864,1.18864,0.0,0,1627580627175,134,0.0
1627580630,1.1886,1.1886,0.0,0,1627580630302,134,0.0
1627580633,1.18858,1.18858,0.0,0,1627580633817,134,0.0
1627580637,1.18857,1.18857,0.0,0,1627580637942,134,0.0
1627580639,1.1886,1.1886,0.0,0,1627580639700,134,0.0
1627580640,1.1886,1.1886,0.0,0,1627580640427,130,0.0
1627580641,1.18861,1.18861,0.0,0,1627580641454,134,0.0
1627580642,1.18858,1.18858,0.0,0,1627580642125,134,0.0
1627580644,1.18857,1.18857,0.0,0,1627580644833,134,0.0
1627580655,1.18858,1.18858,0.0,0,1627580655074,134,0.0
1627580655,1.18857,1.18857,0.0,0,1627580655621,134,0.0
1627580670,1.1886,1.1886,0.0,0,1627580670318,134,0.0
1627580670,1.18861,1.18861,0.0,0,1627580670833,134,0.0
1627580675,1.18862,1.18862,0.0,0,1627580675329,134,0.0
1627580679,1.18861,1.18861,0.0,0,1627580679170,134,0.0
1627580683,1.18862,1.18862,0.0,0,1627580683468,134,0.0
1627580689,1.18861,1.18861,0.0,0,1627580689142,134,0.0
1627580691,1.18859,1.18859,0.0,0,1627580691398,134,0.0
1627580691,1.18857,1.18857,0.0,0,1627580691901,134,0.0
1627580692,1.18858,1.18858,0.0,0,1627580692416,134,0.0
1627580693,1.18857,1.18857,0.0,0,1627580693037,134,0.0
1627580693,1.18858,1.18858,0.0,0,1627580693588,134,0.0
1627580694,1.18859,1.18859,0.0,0,1627580694083,134,0.0
1627580696,1.1886,1.1886,0.0,0,1627580696229,134,0.0
1627580696,1.18861,1.18861,0.0,0,1627580696729,134,0.0
1627580703,1.18862,1.18862,0.0,0,1627580703183,134,0.0
1627580703,1.18861,1.18861,0.0,0,1627580703711,134,0.0
1627580704,1.18868,1.18868,0.0,0,1627580704587,134,0.0
1627580705,1.18869,1.18869,0.0,0,1627580705170,134,0.0
1627580706,1.18868,1.18868,0.0,0,1627580706818,134,0.0
1627580708,1.18869,1.18869,0.0,0,1627580708171,134,0.0
1627580708,1.18868,1.18868,0.0,0,1627580708684,134,0.0
1627580709,1.18871,1.18871,0.0,0,1627580709267,134,0.0
1627580709,1.18873,1.18873,0.0,0,1627580709857,134,0.0
1627580710,1.18872,1.18872,0.0,0,1627580710352,134,0.0
1627580712,1.18873,1.18873,0.0,0,1627580712101,134,0.0
1627580712,1.18872,1.18872,0.0,0,1627580712648,134,0.0
1627580714,1.18873,1.18873,0.0,0,1627580714374,134,0.0
1627580718,1.18871,1.18871,0.0,0,1627580718571,134,0.0
1627580720,1.18872,1.18872,0.0,0,1627580720167,134,0.0
1627580720,1.18871,1.18871,0.0,0,1627580720700,134,0.0
1627580721,1.18872,1.18872,0.0,0,1627580721299,134,0.0
1627580721,1.18873,1.18873,0.0,0,1627580721913,134,0.0
1627580738,1.18861,1.18861,0.0,0,1627580738903,134,0.0
1627580740,1.18857,1.18857,0.0,0,1627580740805,134,0.0
1627580744,1.18865,1.18865,0.0,0,1627580744741,134,0.0
1627580746,1.18866,1.18866,0.0,0,1627580746372,134,0.0
1627580748,1.1886700000000001,1.1886700000000001,0.0,0,1627580748333,134,0.0
1627580748,1.18866,1.18866,0.0,0,1627580748934,134,0.0
1627580751,1.1886700000000001,1.1886700000000001,0.0,0,1627580751841,134,0.0
1627580755,1.18866,1.18866,0.0,0,1627580755197,134,0.0
1627580755,1.1886700000000001,1.1886700000000001,0.0,0,1627580755926,134,0.0
1627580756,1.18866,1.18866,0.0,0,1627580756423,134,0.0
1627580757,1.1886700000000001,1.1886700000000001,0.0,0,1627580757487,134,0.0
1627580758,1.18866,1.18866,0.0,0,1627580758071,134,0.0
1627580758,1.1886700000000001,1.1886700000000001,0.0,0,1627580758697,134,0.0
1627580759,1.18866,1.18866,0.0,0,1627580759202,134,0.0
1627580760,1.18866,1.18866,0.0,0,1627580760514,130,0.0
1627580761,1.18868,1.18868,0.0,0,1627580761066,134,0.0
1627580762,1.18876,1.18876,0.0,0,1627580762240,134,0.0
1627580762,1.1887699999999999,1.1887699999999999,0.0,0,1627580762843,134,0.0
1627580764,1.18872,1.18872,0.0,0,1627580764941,134,0.0
1627580767,1.18875,1.18875,0.0,0,1627580767949,134,0.0
1627580768,1.1887699999999999,1.1887699999999999,0.0,0,1627580768454,134,0.0
1627580776,1.18876,1.18876,0.0,0,1627580776279,134,0.0
1627580777,1.18873,1.18873,0.0,0,1627580777331,134,0.0
1627580778,1.18875,1.18875,0.0,0,1627580778583,134,0.0
1627580779,1.18873,1.18873,0.0,0,1627580779226,134,0.0
1627580779,1.18871,1.18871,0.0,0,1627580779751,134,0.0
1627580780,1.18869,1.18869,0.0,0,1627580780303,134,0.0
1627580780,1.18868,1.18868,0.0,0,1627580780971,134,0.0
1627580781,1.1886700000000001,1.1886700000000001,0.0,0,1627580781719,134,0.0
1627580782,1.18864,1.18864,0.0,0,1627580782921,134,0.0
1627580784,1.18862,1.18862,0.0,0,1627580784247,134,0.0
1627580789,1.1886700000000001,1.1886700000000001,0.0,0,1627580789797,134,0.0
1627580794,1.18868,1.18868,0.0,0,1627580794534,134,0.0
1627580796,1.18869,1.18869,0.0,0,1627580796137,134,0.0
1627580798,1.18868,1.18868,0.0,0,1627580798219,134,0.0
1627580801,1.1886700000000001,1.1886700000000001,0.0,0,1627580801493,134,0.0
1627580802,1.18866,1.18866,0.0,0,1627580802070,134,0.0
1627580803,1.1887,1.1887,0.0,0,1627580803011,134,0.0
1627580804,1.18868,1.18868,0.0,0,1627580804243,134,0.0
1627580805,1.18869,1.18869,0.0,0,1627580805614,134,0.0
1627580806,1.1887,1.1887,0.0,0,1627580806950,134,0.0
1627580807,1.18873,1.18873,0.0,0,1627580807541,134,0.0
1627580808,1.18871,1.18871,0.0,0,1627580808095,134,0.0
1627580810,1.1886700000000001,1.1886700000000001,0.0,0,1627580810597,134,0.0
1627580811,1.18866,1.18866,0.0,0,1627580811132,134,0.0
1627580814,1.18865,1.18865,0.0,0,1627580814167,134,0.0
1627580814,1.18861,1.18861,0.0,0,1627580814931,134,0.0
1627580816,1.18859,1.18859,0.0,0,1627580816712,134,0.0
1627580817,1.18857,1.18857,0.0,0,1627580817731,134,0.0
1627580819,1.18858,1.18858,0.0,0,1627580819242,134,0.0
1627580820,1.18858,1.18858,0.0,0,1627580820279,130,0.0
1627580821,1.18859,1.18859,0.0,0,1627580821056,134,0.0
1627580821,1.18857,1.18857,0.0,0,1627580821577,134,0.0
1627580826,1.1886,1.18861,0.0,0,1627580826023,134,0.0
1627580826,1.1886,1.1886,0.0,0,1627580826517,4,0.0
1627580827,1.18859,1.18859,0.0,0,1627580827025,134,0.0
1627580828,1.18858,1.18858,0.0,0,1627580828407,134,0.0
1627580829,1.18859,1.18859,0.0,0,1627580829678,134,0.0
1627580830,1.18858,1.18858,0.0,0,1627580830856,134,0.0
1627580833,1.18857,1.18857,0.0,0,1627580833567,134,0.0
1627580836,1.18858,1.18858,0.0,0,1627580836235,134,0.0
1627580836,1.18857,1.18857,0.0,0,1627580836747,134,0.0
1627580838,1.18858,1.18858,0.0,0,1627580838091,134,0.0
1627580838,1.18857,1.18857,0.0,0,1627580838637,134,0.0
1627580841,1.18858,1.18858,0.0,0,1627580841337,134,0.0
1627580843,1.18857,1.18857,0.0,0,1627580843589,134,0.0
1627580844,1.18858,1.18858,0.0,0,1627580844456,134,0.0
1627580845,1.18857,1.18857,0.0,0,1627580845198,134,0.0
1627580845,1.18858,1.18858,0.0,0,1627580845746,134,0.0
1627580847,1.18857,1.18857,0.0,0,1627580847501,134,0.0
1627580848,1.18856,1.18856,0.0,0,1627580848586,134,0.0
1627580849,1.18855,1.18855,0.0,0,1627580849819,134,0.0
1627580851,1.18856,1.18856,0.0,0,1627580851444,134,0.0
1627580851,1.18857,1.18857,0.0,0,1627580851956,134,0.0
1627580852,1.18856,1.18856,0.0,0,1627580852634,134,0.0
1627580853,1.18853,1.18853,0.0,0,1627580853850,134,0.0
1627580854,1.18847,1.18847,0.0,0,1627580854418,134,0.0
1627580854,1.18846,1.18846,0.0,0,1627580854990,134,0.0
1627580855,1.18842,1.18842,0.0,0,1627580855533,134,0.0
1627580856,1.18841,1.18841,0.0,0,1627580856053,134,0.0
1627580856,1.18842,1.18842,0.0,0,1627580856559,134,0.0
1627580858,1.18841,1.18841,0.0,0,1627580858691,134,0.0
1627580860,1.18842,1.18842,0.0,0,1627580860524,134,0.0
1627580861,1.18841,1.18841,0.0,0,1627580861247,134,0.0
1627580862,1.18838,1.18838,0.0,0,1627580862559,134,0.0
1627580864,1.18837,1.18837,0.0,0,1627580864050,134,0.0
1627580865,1.18838,1.18838,0.0,0,1627580865912,134,0.0
1627580866,1.18837,1.18838,0.0,0,1627580866413,130,0.0
1627580866,1.18837,1.18837,0.0,0,1627580866929,4,0.0
1627580868,1.18836,1.18836,0.0,0,1627580868623,134,0.0
1627580871,1.18835,1.18835,0.0,0,1627580871747,134,0.0
1627580872,1.18836,1.18836,0.0,0,1627580872261,134,0.0
1627580876,1.18838,1.18838,0.0,0,1627580876502,134,0.0
1627580877,1.18833,1.18833,0.0,0,1627580877917,134,0.0
1627580879,1.18832,1.18832,0.0,0,1627580879408,134,0.0
1627580879,1.18833,1.18833,0.0,0,1627580879923,134,0.0
1627580880,1.18832,1.18832,0.0,0,1627580880478,134,0.0
1627580881,1.1883,1.1883,0.0,0,1627580881091,134,0.0
1627580881,1.18827,1.18827,0.0,0,1627580881620,134,0.0
1627580882,1.18826,1.18826,0.0,0,1627580882846,134,0.0
1627580883,1.18822,1.18822,0.0,0,1627580883418,134,0.0
1627580884,1.18823,1.18823,0.0,0,1627580884443,134,0.0
1627580885,1.18822,1.18822,0.0,0,1627580885560,134,0.0
1627580887,1.18823,1.18823,0.0,0,1627580887189,134,0.0
1627580887,1.18824,1.18824,0.0,0,1627580887754,134,0.0
1627580888,1.18823,1.18823,0.0,0,1627580888715,134,0.0
1627580889,1.18824,1.18824,0.0,0,1627580889380,134,0.0
1627580889,1.18824,1.18825,0.0,0,1627580889993,4,0.0
1627580890,1.18824,1.18824,0.0,0,1627580890490,4,0.0
1627580890,1.18823,1.18823,0.0,0,1627580890999,134,0.0
1627580891,1.18821,1.18821,0.0,0,1627580891661,134,0.0
1627580896,1.1882,1.1882,0.0,0,1627580896524,134,0.0
1627580897,1.18817,1.18817,0.0,0,1627580897327,134,0.0
1627580897,1.18818,1.18818,0.0,0,1627580897855,134,0.0
1627580898,1.18817,1.18817,0.0,0,1627580898547,134,0.0
1627580899,1.18818,1.18818,0.0,0,1627580899259,134,0.0
1627580899,1.18819,1.18819,0.0,0,1627580899803,134,0.0
1627580900,1.1882,1.1882,0.0,0,1627580900341,134,0.0
1627580902,1.18821,1.18821,0.0,0,1627580902666,134,0.0
1627580903,1.1882,1.1882,0.0,0,1627580903355,134,0.0
1627580907,1.18817,1.18817,0.0,0,1627580907873,134,0.0
1627580908,1.1881599999999999,1.1881599999999999,0.0,0,1627580908471,134,0.0
1627580910,1.18818,1.18818,0.0,0,1627580910612,134,0.0
1627580911,1.18817,1.18817,0.0,0,1627580911180,134,0.0
1627580912,1.18818,1.18818,0.0,0,1627580912389,134,0.0
1627580912,1.18817,1.18817,0.0,0,1627580912982,134,0.0
1627580914,1.1881599999999999,1.1881599999999999,0.0,0,1627580914712,134,0.0
1627580915,1.18817,1.18817,0.0,0,1627580915205,134,0.0
1627580918,1.1881599999999999,1.1881599999999999,0.0,0,1627580918109,134,0.0
1627580919,1.18815,1.18815,0.0,0,1627580919350,134,0.0
1627580919,1.1881599999999999,1.1881599999999999,0.0,0,1627580919856,134,0.0
1627580920,1.18813,1.18813,0.0,0,1627580920454,134,0.0
1627580926,1.18812,1.18812,0.0,0,1627580926972,134,0.0
1627580933,1.18815,1.18815,0.0,0,1627580933987,134,0.0
1627580934,1.18814,1.18814,0.0,0,1627580934907,134,0.0
1627580936,1.18813,1.18813,0.0,0,1627580936159,134,0.0
1627580944,1.1881599999999999,1.1881599999999999,0.0,0,1627580944571,134,0.0
1627580945,1.18818,1.18818,0.0,0,1627580945800,134,0.0
1627580948,1.18822,1.18822,0.0,0,1627580948677,134,0.0
1627580949,1.18821,1.18821,0.0,0,1627580949841,134,0.0
1627580951,1.1882,1.1882,0.0,0,1627580951647,134,0.0
1627580952,1.18822,1.18822,0.0,0,1627580952948,134,0.0
1627580953,1.18823,1.18823,0.0,0,1627580953461,134,0.0
1627580954,1.18824,1.18824,0.0,0,1627580954064,134,0.0
1627580954,1.18823,1.18823,0.0,0,1627580954625,134,0.0
1627580955,1.18822,1.18822,0.0,0,1627580955129,134,0.0
1627580957,1.18819,1.18819,0.0,0,1627580957138,134,0.0
1627580957,1.18818,1.18818,0.0,0,1627580957656,134,0.0
1627580958,1.1881599999999999,1.1881599999999999,0.0,0,1627580958711,134,0.0
1627580959,1.18813,1.18813,0.0,0,1627580959234,134,0.0
1627580959,1.1880600000000001,1.1880600000000001,0.0,0,1627580959748,134,0.0
1627580961,1.18804,1.18804,0.0,0,1627580961338,134,0.0
1627580964,1.18805,1.18805,0.0,0,1627580964848,134,0.0
1627580965,1.1880600000000001,1.1880600000000001,0.0,0,1627580965345,134,0.0
1627580966,1.18807,1.18807,0.0,0,1627580966406,134,0.0
1627580969,1.18812,1.18812,0.0,0,1627580969392,134,0.0
1627580969,1.18813,1.18813,0.0,0,1627580969910,134,0.0
1627580970,1.18815,1.18815,0.0,0,1627580970420,134,0.0
1627580970,1.1881599999999999,1.1881599999999999,0.0,0,1627580970946,134,0.0
1627580971,1.18817,1.18817,0.0,0,1627580971720,134,0.0
1627580972,1.1881599999999999,1.1881599999999999,0.0,0,1627580972262,134,0.0
1627580973,1.18817,1.18817,0.0,0,1627580973719,134,0.0
1627580976,1.18814,1.18814,0.0,0,1627580976685,134,0.0
1627580977,1.18811,1.18811,0.0,0,1627580977495,134,0.0
1627580979,1.18815,1.18815,0.0,0,1627580979421,134,0.0
1627580979,1.18818,1.18818,0.0,0,1627580979938,134,0.0
1627580980,1.18817,1.18817,0.0,0,1627580980440,134,0.0
1627580981,1.1881599999999999,1.1881599999999999,0.0,0,1627580981485,134,0.0
1627580984,1.18817,1.18817,0.0,0,1627580984443,134,0.0
1627580986,1.18814,1.18814,0.0,0,1627580986663,134,0.0
1627580987,1.1881599999999999,1.1881599999999999,0.0,0,1627580987863,134,0.0
1627580990,1.1882,1.1882,0.0,0,1627580990889,134,0.0
1627580993,1.18823,1.18823,0.0,0,1627580993658,134,0.0
1627580994,1.18824,1.18824,0.0,0,1627580994163,134,0.0
1627580994,1.18825,1.18825,0.0,0,1627580994658,134,0.0
1627580995,1.18826,1.18826,0.0,0,1627580995241,134,0.0
1627580995,1.18824,1.18824,0.0,0,1627580995759,134,0.0
1627580999,1.18825,1.18825,0.0,0,1627580999213,134,0.0
1627580999,1.18824,1.18824,0.0,0,1627580999726,134,0.0
1627581000,1.18824,1.18824,0.0,0,1627581000305,130,0.0
1627581000,1.18828,1.18828,0.0,0,1627581000829,134,0.0
1627581001,1.18827,1.18827,0.0,0,1627581001359,134,0.0
1627581005,1.18829,1.18829,0.0,0,1627581005101,134,0.0
1627581005,1.1883,1.1883,0.0,0,1627581005595,134,0.0
1627581006,1.18831,1.18831,0.0,0,1627581006152,134,0.0
1627581006,1.18832,1.18832,0.0,0,1627581006676,134,0.0
1627581007,1.18838,1.18838,0.0,0,1627581007190,134,0.0
1627581007,1.18837,1.18837,0.0,0,1627581007708,134,0.0
1627581015,1.18841,1.18841,0.0,0,1627581015460,134,0.0
1627581015,1.18847,1.18847,0.0,0,1627581015981,134,0.0
1627581018,1.18848,1.18848,0.0,0,1627581018333,134,0.0
1627581020,1.18847,1.18847,0.0,0,1627581020290,134,0.0
1627581020,1.18847,1.18848,0.0,0,1627581020795,4,0.0
1627581021,1.18848,1.18848,0.0,0,1627581021358,130,0.0
1627581021,1.18853,1.18853,0.0,0,1627581021873,134,0.0
1627581022,1.18854,1.18854,0.0,0,1627581022882,134,0.0
1627581023,1.18853,1.18853,0.0,0,1627581023395,134,0.0
1627581024,1.18852,1.18852,0.0,0,1627581024056,134,0.0
1627581025,1.18851,1.18851,0.0,0,1627581025576,134,0.0
1627581026,1.18852,1.18852,0.0,0,1627581026236,134,0.0
1627581027,1.18853,1.18853,0.0,0,1627581027805,134,0.0
1627581029,1.18855,1.18855,0.0,0,1627581029084,134,0.0
1627581030,1.18857,1.18857,0.0,0,1627581030013,134,0.0
1627581036,1.18858,1.18859,0.0,0,1627581036141,134,0.0
1627581036,1.18858,1.18858,0.0,0,1627581036799,4,0.0
1627581039,1.18858,1.18859,0.0,0,1627581039896,4,0.0
1627581040,1.18858,1.18858,0.0,0,1627581040389,4,0.0
1627581041,1.18859,1.18859,0.0,0,1627581041015,134,0.0
1627581041,1.1886,1.1886,0.0,0,1627581041596,134,0.0
1627581042,1.18859,1.18859,0.0,0,1627581042132,134,0.0
1627581045,1.18858,1.18859,0.0,0,1627581045804,130,0.0
1627581046,1.18858,1.18858,0.0,0,1627581046436,4,0.0
1627581046,1.18859,1.18859,0.0,0,1627581046990,134,0.0
1627581048,1.1886,1.1886,0.0,0,1627581048926,134,0.0
1627581049,1.1886,1.18861,0.0,0,1627581049847,4,0.0
1627581050,1.18858,1.18858,0.0,0,1627581050419,134,0.0
1627581050,1.1886,1.1886,0.0,0,1627581050947,134,0.0
1627581052,1.18859,1.18859,0.0,0,1627581052684,134,0.0
1627581053,1.18858,1.18858,0.0,0,1627581053506,134,0.0
1627581055,1.18854,1.18854,0.0,0,1627581055856,134,0.0
1627581056,1.18853,1.18853,0.0,0,1627581056373,134,0.0
1627581057,1.18849,1.18849,0.0,0,1627581057730,134,0.0
1627581058,1.18847,1.18847,0.0,0,1627581058233,134,0.0
1627581059,1.18851,1.18851,0.0,0,1627581059661,134,0.0
1627581060,1.18852,1.18852,0.0,0,1627581060169,134,0.0
1627581060,1.1885,1.1885,0.0,0,1627581060668,134,0.0
1627581061,1.18851,1.18851,0.0,0,1627581061272,134,0.0
1627581063,1.18855,1.18855,0.0,0,1627581063001,134,0.0
1627581064,1.18856,1.18856,0.0,0,1627581064415,134,0.0
1627581068,1.18857,1.18857,0.0,0,1627581068246,134,0.0
1627581068,1.18854,1.18854,0.0,0,1627581068902,134,0.0
1627581069,1.18853,1.18853,0.0,0,1627581069437,134,0.0
1627581070,1.18856,1.18856,0.0,0,1627581070595,134,0.0
1627581071,1.18857,1.18857,0.0,0,1627581071100,134,0.0
1627581071,1.18858,1.18858,0.0,0,1627581071609,134,0.0
1627581080,1.1886,1.1886,0.0,0,1627581080891,134,0.0
1627581082,1.18862,1.18862,0.0,0,1627581082380,134,0.0
1627581082,1.18861,1.18861,0.0,0,1627581082877,134,0.0
1627581083,1.18862,1.18862,0.0,0,1627581083508,134,0.0
1627581084,1.18866,1.18866,0.0,0,1627581084055,134,0.0
1627581085,1.18868,1.18868,0.0,0,1627581085387,134,0.0
1627581086,1.1887,1.1887,0.0,0,1627581086466,134,0.0
1627581087,1.18873,1.18873,0.0,0,1627581087015,134,0.0
1627581093,1.18874,1.18874,0.0,0,1627581093709,134,0.0
1627581094,1.18873,1.18873,0.0,0,1627581094372,134,0.0
1627581094,1.18871,1.18871,0.0,0,1627581094934,134,0.0
1627581097,1.1887,1.1887,0.0,0,1627581097226,134,0.0
1627581099,1.18868,1.18868,0.0,0,1627581099901,134,0.0
1627581102,1.18865,1.18865,0.0,0,1627581102382,134,0.0
1627581105,1.18864,1.18864,0.0,0,1627581105188,134,0.0
1627581107,1.18865,1.18865,0.0,0,1627581107279,134,0.0
1627581109,1.18868,1.18868,0.0,0,1627581109990,134,0.0
1627581110,1.18869,1.18869,0.0,0,1627581110787,134,0.0
1627581111,1.1887,1.1887,0.0,0,1627581111594,134,0.0
1627581114,1.18871,1.18871,0.0,0,1627581114628,134,0.0
1627581115,1.18871,1.18872,0.0,0,1627581115184,4,0.0
1627581115,1.18872,1.18872,0.0,0,1627581115995,130,0.0
1627581116,1.18871,1.18871,0.0,0,1627581116988,134,0.0
1627581117,1.18872,1.18872,0.0,0,1627581117956,134,0.0
1627581119,1.18871,1.18871,0.0,0,1627581119072,134,0.0
1627581120,1.18872,1.18872,0.0,0,1627581120546,134,0.0
1627581123,1.18872,1.18873,0.0,0,1627581123427,4,0.0
1627581125,1.18873,1.18873,0.0,0,1627581125359,130,0.0
1627581126,1.18872,1.18873,0.0,0,1627581126780,130,0.0
1627581127,1.18873,1.18873,0.0,0,1627581127400,130,0.0
1627581128,1.18874,1.18874,0.0,0,1627581128135,134,0.0
1627581130,1.18875,1.18875,0.0,0,1627581130037,134,0.0
1627581131,1.1887699999999999,1.1887699999999999,0.0,0,1627581131147,134,0.0
1627581133,1.18879,1.18879,0.0,0,1627581133336,134,0.0
1627581133,1.1887699999999999,1.1887699999999999,0.0,0,1627581133896,134,0.0
1627581134,1.18878,1.18878,0.0,0,1627581134423,134,0.0
1627581134,1.1888,1.1888,0.0,0,1627581134977,134,0.0
1627581135,1.18881,1.18881,0.0,0,1627581135485,134,0.0
1627581136,1.18879,1.18879,0.0,0,1627581136049,134,0.0
1627581136,1.1888,1.1888,0.0,0,1627581136554,134,0.0
1627581137,1.18881,1.18881,0.0,0,1627581137660,134,0.0
1627581143,1.1888,1.1888,0.0,0,1627581143344,134,0.0
1627581144,1.18879,1.18879,0.0,0,1627581144347,134,0.0
1627581144,1.1887699999999999,1.1887699999999999,0.0,0,1627581144888,134,0.0
1627581145,1.18875,1.18875,0.0,0,1627581145385,134,0.0
1627581145,1.18876,1.18876,0.0,0,1627581145951,134,0.0
1627581146,1.1887699999999999,1.1887699999999999,0.0,0,1627581146448,134,0.0
1627581147,1.18878,1.18878,0.0,0,1627581147768,134,0.0
1627581148,1.18879,1.18879,0.0,0,1627581148433,134,0.0
1627581149,1.18881,1.18881,0.0,0,1627581149449,134,0.0
1627581150,1.18884,1.18884,0.0,0,1627581150801,134,0.0
1627581153,1.18883,1.18883,0.0,0,1627581153116,134,0.0
1627581156,1.18884,1.18884,0.0,0,1627581156788,134,0.0
1627581157,1.18885,1.18885,0.0,0,1627581157876,134,0.0
1627581158,1.1888,1.1888,0.0,0,1627581158419,134,0.0
1627581158,1.18881,1.18881,0.0,0,1627581158914,134,0.0
1627581162,1.1888,1.1888,0.0,0,1627581162151,134,0.0
1627581164,1.18884,1.18884,0.0,0,1627581164175,134,0.0
1627581165,1.18884,1.18885,0.0,0,1627581165752,4,0.0
1627581166,1.18885,1.18885,0.0,0,1627581166277,130,0.0
1627581170,1.18886,1.18886,0.0,0,1627581170174,134,0.0
1627581172,1.18887,1.18887,0.0,0,1627581172486,134,0.0
1627581172,1.18886,1.18886,0.0,0,1627581172996,134,0.0
1627581175,1.1889,1.1889,0.0,0,1627581175165,134,0.0
1627581178,1.18888,1.18888,0.0,0,1627581178179,134,0.0
1627581178,1.18887,1.18887,0.0,0,1627581178740,134,0.0
1627581180,1.18887,1.18887,0.0,0,1627581180537,130,0.0
1627581183,1.18886,1.18886,0.0,0,1627581183794,134,0.0
1627581184,1.18882,1.18882,0.0,0,1627581184863,134,0.0
1627581185,1.18881,1.18881,0.0,0,1627581185419,134,0.0
1627581186,1.18882,1.18882,0.0,0,1627581186789,134,0.0
1627581188,1.18883,1.18883,0.0,0,1627581188372,134,0.0
1627581191,1.18882,1.18882,0.0,0,1627581191166,134,0.0
1627581193,1.18883,1.18883,0.0,0,1627581193908,134,0.0
1627581196,1.18881,1.18881,0.0,0,1627581196158,134,0.0
1627581200,1.1888,1.1888,0.0,0,1627581200269,134,0.0
1627581201,1.18881,1.18881,0.0,0,1627581201787,134,0.0
1627581202,1.18881,1.18882,0.0,0,1627581202322,4,0.0
1627581202,1.18881,1.18881,0.0,0,1627581202838,4,0.0
1627581204,1.18882,1.18882,0.0,0,1627581204044,134,0.0
1627581208,1.18881,1.18881,0.0,0,1627581208696,134,0.0
1627581209,1.18882,1.18882,0.0,0,1627581209248,134,0.0
1627581211,1.18884,1.18884,0.0,0,1627581211696,134,0.0
1627581214,1.18884,1.18885,0.0,0,1627581214678,4,0.0
1627581216,1.18885,1.18885,0.0,0,1627581216336,130,0.0
1627581220,1.18884,1.18884,0.0,0,1627581220803,134,0.0
1627581221,1.18883,1.18883,0.0,0,1627581221340,134,0.0
1627581223,1.18882,1.18882,0.0,0,1627581223524,134,0.0
1627581224,1.18879,1.18879,0.0,0,1627581224100,134,0.0
1627581224,1.18881,1.18881,0.0,0,1627581224760,134,0.0
1627581225,1.1888,1.1888,0.0,0,1627581225574,134,0.0
1627581226,1.18881,1.18881,0.0,0,1627581226369,134,0.0
1627581227,1.18876,1.18876,0.0,0,1627581227581,134,0.0
1627581228,1.1888,1.1888,0.0,0,1627581228804,134,0.0
1627581231,1.18881,1.18881,0.0,0,1627581231145,134,0.0
1627581231,1.1888,1.1888,0.0,0,1627581231728,134,0.0
1627581232,1.1888,1.18881,0.0,0,1627581232232,4,0.0
1627581232,1.1888,1.1888,0.0,0,1627581232823,4,0.0
1627581235,1.18878,1.18878,0.0,0,1627581235973,134,0.0
1627581236,1.1887699999999999,1.1887699999999999,0.0,0,1627581236630,134,0.0
1627581237,1.18876,1.18876,0.0,0,1627581237157,134,0.0
1627581238,1.18882,1.18882,0.0,0,1627581238436,134,0.0
1627581238,1.18881,1.18881,0.0,0,1627581238946,134,0.0
1627581239,1.18882,1.18882,0.0,0,1627581239848,134,0.0
1627581240,1.18882,1.18882,0.0,0,1627581240349,130,0.0
1627581241,1.18884,1.18884,0.0,0,1627581241150,134,0.0
1627581248,1.18886,1.18886,0.0,0,1627581248778,134,0.0
1627581250,1.18883,1.18883,0.0,0,1627581250471,134,0.0
1627581251,1.18886,1.18886,0.0,0,1627581251110,134,0.0
1627581252,1.18887,1.18887,0.0,0,1627581252474,134,0.0
1627581254,1.18886,1.18886,0.0,0,1627581254049,134,0.0
1627581254,1.18882,1.18882,0.0,0,1627581254738,134,0.0
1627581255,1.18883,1.18883,0.0,0,1627581255255,134,0.0
1627581255,1.18878,1.18878,0.0,0,1627581255754,134,0.0
1627581256,1.1887699999999999,1.1887699999999999,0.0,0,1627581256859,134,0.0
1627581257,1.18881,1.18881,0.0,0,1627581257508,134,0.0
1627581257,1.18878,1.18878,0.0,0,1627581257981,134,0.0
1627581258,1.1887699999999999,1.1887699999999999,0.0,0,1627581258486,134,0.0
1627581259,1.18879,1.18879,0.0,0,1627581259516,134,0.0
1627581260,1.18882,1.18882,0.0,0,1627581260035,134,0.0
1627581260,1.18881,1.18881,0.0,0,1627581260593,134,0.0
1627581261,1.18885,1.18885,0.0,0,1627581261535,134,0.0
1627581262,1.18884,1.18884,0.0,0,1627581262475,134,0.0
1627581269,1.18883,1.18883,0.0,0,1627581269550,134,0.0
1627581270,1.18881,1.18881,0.0,0,1627581270053,134,0.0
1627581270,1.18882,1.18882,0.0,0,1627581270570,134,0.0
1627581271,1.18881,1.18881,0.0,0,1627581271079,134,0.0
1627581271,1.1888,1.1888,0.0,0,1627581271832,134,0.0
1627581273,1.18876,1.18876,0.0,0,1627581273016,134,0.0
1627581274,1.18879,1.18879,0.0,0,1627581274109,134,0.0
1627581275,1.1888,1.1888,0.0,0,1627581275847,134,0.0
1627581277,1.18873,1.18873,0.0,0,1627581277880,134,0.0
1627581279,1.18875,1.18875,0.0,0,1627581279771,134,0.0
1627581284,1.18873,1.18873,0.0,0,1627581284391,134,0.0
1627581284,1.18874,1.18874,0.0,0,1627581284927,134,0.0
1627581285,1.18873,1.18873,0.0,0,1627581285437,134,0.0
1627581289,1.18875,1.18875,0.0,0,1627581289747,134,0.0
1627581293,1.18872,1.18872,0.0,0,1627581293359,134,0.0
1627581294,1.1887,1.1887,0.0,0,1627581294079,134,0.0
1627581295,1.18868,1.18868,0.0,0,1627581295098,134,0.0
1627581295,1.18869,1.18869,0.0,0,1627581295593,134,0.0
1627581296,1.1887,1.1887,0.0,0,1627581296100,134,0.0
1627581297,1.18872,1.18872,0.0,0,1627581297093,134,0.0
1627581297,1.18873,1.18873,0.0,0,1627581297597,134,0.0
1627581298,1.18871,1.18871,0.0,0,1627581298682,134,0.0
1627581299,1.1887,1.1887,0.0,0,1627581299193,134,0.0
1627581299,1.18871,1.18871,0.0,0,1627581299702,134,0.0
1627581300,1.18871,1.18871,0.0,0,1627581300258,130,0.0
1627581302,1.18873,1.18873,0.0,0,1627581302421,134,0.0
1627581303,1.18879,1.18879,0.0,0,1627581303596,134,0.0
1627581304,1.1887699999999999,1.1887699999999999,0.0,0,1627581304595,134,0.0
1627581306,1.18881,1.18881,0.0,0,1627581306281,134,0.0
1627581308,1.1888,1.1888,0.0,0,1627581308882,134,0.0
1627581309,1.18879,1.18879,0.0,0,1627581309426,134,0.0
1627581310,1.1887699999999999,1.1887699999999999,0.0,0,1627581310621,134,0.0
1627581312,1.18876,1.18876,0.0,0,1627581312991,134,0.0
1627581314,1.18875,1.18875,0.0,0,1627581314076,134,0.0
1627581315,1.18872,1.18872,0.0,0,1627581315453,134,0.0
1627581315,1.18871,1.18871,0.0,0,1627581315959,134,0.0
1627581316,1.1887,1.1887,0.0,0,1627581316656,134,0.0
1627581317,1.18871,1.18871,0.0,0,1627581317271,134,0.0
1627581320,1.18872,1.18872,0.0,0,1627581320067,134,0.0
1627581323,1.1887,1.1887,0.0,0,1627581323303,134,0.0
1627581323,1.1886700000000001,1.1886700000000001,0.0,0,1627581323837,134,0.0
1627581324,1.18868,1.18868,0.0,0,1627581324909,134,0.0
1627581325,1.1886700000000001,1.18868,0.0,0,1627581325401,130,0.0
1627581325,1.1886700000000001,1.1886700000000001,0.0,0,1627581325908,4,0.0
1627581326,1.18868,1.18868,0.0,0,1627581326730,134,0.0
1627581327,1.18866,1.18866,0.0,0,1627581327201,134,0.0
1627581328,1.18865,1.18865,0.0,0,1627581328449,134,0.0
1627581328,1.18863,1.18863,0.0,0,1627581328999,134,0.0
1627581329,1.18861,1.18861,0.0,0,1627581329508,134,0.0
1627581332,1.1886,1.1886,0.0,0,1627581332329,134,0.0
1627581332,1.18859,1.18859,0.0,0,1627581332854,134,0.0
1627581333,1.1886,1.1886,0.0,0,1627581333432,134,0.0
1627581334,1.18861,1.18861,0.0,0,1627581334435,134,0.0
1627581335,1.18859,1.18859,0.0,0,1627581335444,134,0.0
1627581335,1.18857,1.18857,0.0,0,1627581335975,134,0.0
1627581336,1.18855,1.18855,0.0,0,1627581336510,134,0.0
1627581337,1.18853,1.18853,0.0,0,1627581337133,134,0.0
1627581337,1.18851,1.18851,0.0,0,1627581337662,134,0.0
1627581338,1.1885,1.1885,0.0,0,1627581338746,134,0.0
1627581340,1.18852,1.18852,0.0,0,1627581340657,134,0.0
1627581341,1.1885,1.1885,0.0,0,1627581341162,134,0.0
1627581342,1.18849,1.18849,0.0,0,1627581342655,134,0.0
1627581343,1.1885,1.1885,0.0,0,1627581343174,134,0.0
1627581343,1.18848,1.18848,0.0,0,1627581343686,134,0.0
1627581344,1.18846,1.18846,0.0,0,1627581344814,134,0.0
1627581345,1.18845,1.18845,0.0,0,1627581345581,134,0.0
1627581347,1.18844,1.18844,0.0,0,1627581347389,134,0.0
1627581348,1.18845,1.18845,0.0,0,1627581348997,134,0.0
1627581350,1.18847,1.18847,0.0,0,1627581350665,134,0.0
1627581351,1.18852,1.18852,0.0,0,1627581351205,134,0.0
1627581352,1.18851,1.18851,0.0,0,1627581352227,134,0.0
1627581352,1.18849,1.18849,0.0,0,1627581352744,134,0.0
1627581355,1.18848,1.18848,0.0,0,1627581355415,134,0.0
1627581355,1.18849,1.18849,0.0,0,1627581355956,134,0.0
1627581357,1.1885,1.1885,0.0,0,1627581357767,134,0.0
1627581360,1.18853,1.18853,0.0,0,1627581360496,134,0.0
1627581361,1.18852,1.18852,0.0,0,1627581361898,134,0.0
1627581362,1.18855,1.18855,0.0,0,1627581362689,134,0.0
1627581363,1.18854,1.18855,0.0,0,1627581363192,130,0.0
1627581363,1.18855,1.18855,0.0,0,1627581363697,130,0.0
1627581365,1.18854,1.18854,0.0,0,1627581365000,134,0.0
1627581366,1.18855,1.18855,0.0,0,1627581366939,134,0.0
1627581367,1.18856,1.18856,0.0,0,1627581367665,134,0.0
1627581368,1.18857,1.18857,0.0,0,1627581368172,134,0.0
1627581369,1.18858,1.18858,0.0,0,1627581369133,134,0.0
1627581371,1.18857,1.18857,0.0,0,1627581371963,134,0.0
1627581372,1.18856,1.18856,0.0,0,1627581372573,134,0.0
1627581373,1.18857,1.18857,0.0,0,1627581373637,134,0.0
1627581374,1.18858,1.18858,0.0,0,1627581374154,134,0.0
1627581374,1.18856,1.18856,0.0,0,1627581374913,134,0.0
1627581378,1.18854,1.18854,0.0,0,1627581378628,134,0.0
1627581379,1.18852,1.18852,0.0,0,1627581379133,134,0.0
1627581380,1.18854,1.18854,0.0,0,1627581380206,134,0.0
1627581380,1.18852,1.18852,0.0,0,1627581380725,134,0.0
1627581383,1.18853,1.18853,0.0,0,1627581383539,134,0.0
1627581384,1.18849,1.18849,0.0,0,1627581384035,134,0.0
1627581384,1.18848,1.18848,0.0,0,1627581384577,134,0.0
1627581385,1.18851,1.18851,0.0,0,1627581385126,134,0.0
1627581387,1.1885,1.1885,0.0,0,1627581387061,134,0.0
1627581387,1.18851,1.18851,0.0,0,1627581387597,134,0.0
1627581388,1.18848,1.18848,0.0,0,1627581388234,134,0.0
1627581388,1.1884299999999999,1.1884299999999999,0.0,0,1627581388737,134,0.0
1627581389,1.18846,1.18846,0.0,0,1627581389258,134,0.0
1627581390,1.18847,1.18847,0.0,0,1627581390944,134,0.0
1627581392,1.18846,1.18846,0.0,0,1627581392470,134,0.0
1627581393,1.18844,1.18844,0.0,0,1627581393041,134,0.0
1627581393,1.1884299999999999,1.1884299999999999,0.0,0,1627581393631,134,0.0
1627581394,1.18841,1.18842,0.0,0,1627581394090,134,0.0
1627581394,1.18841,1.18841,0.0,0,1627581394615,4,0.0
1627581398,1.18842,1.18842,0.0,0,1627581398308,134,0.0
1627581398,1.1884299999999999,1.1884299999999999,0.0,0,1627581398808,134,0.0
1627581399,1.18845,1.18845,0.0,0,1627581399850,134,0.0
1627581400,1.18846,1.18847,0.0,0,1627581400518,134,0.0
1627581401,1.18846,1.18846,0.0,0,1627581401103,4,0.0
1627581401,1.18847,1.18847,0.0,0,1627581401739,134,0.0
1627581403,1.18845,1.18845,0.0,0,1627581403139,134,0.0
1627581404,1.18842,1.18842,0.0,0,1627581404288,134,0.0
1627581404,1.18841,1.18841,0.0,0,1627581404801,134,0.0
1627581409,1.18839,1.18839,0.0,0,1627581409688,134,0.0
1627581410,1.18836,1.18836,0.0,0,1627581410785,134,0.0
1627581413,1.18839,1.18839,0.0,0,1627581413732,134,0.0
1627581415,1.18836,1.18836,0.0,0,1627581415948,134,0.0
1627581418,1.18834,1.18834,0.0,0,1627581418898,134,0.0
1627581419,1.18836,1.18836,0.0,0,1627581419427,134,0.0
1627581420,1.18834,1.18834,0.0,0,1627581420076,134,0.0
1627581420,1.18839,1.18839,0.0,0,1627581420583,134,0.0
1627581421,1.18838,1.18838,0.0,0,1627581421138,134,0.0
1627581421,1.18837,1.18837,0.0,0,1627581421700,134,0.0
1627581428,1.18838,1.18838,0.0,0,1627581428481,134,0.0
1627581429,1.18841,1.18841,0.0,0,1627581429015,134,0.0
1627581429,1.18842,1.18842,0.0,0,1627581429705,134,0.0
1627581430,1.18844,1.18844,0.0,0,1627581430705,134,0.0
1627581431,1.18845,1.18845,0.0,0,1627581431989,134,0.0
1627581432,1.1884299999999999,1.1884299999999999,0.0,0,1627581432494,134,0.0
1627581432,1.18844,1.18844,0.0,0,1627581432997,134,0.0
1627581433,1.18842,1.18842,0.0,0,1627581433514,134,0.0
1627581434,1.1884299999999999,1.1884299999999999,0.0,0,1627581434021,134,0.0
1627581435,1.18842,1.18842,0.0,0,1627581435324,134,0.0
1627581437,1.18841,1.18841,0.0,0,1627581437928,134,0.0
1627581438,1.18839,1.18839,0.0,0,1627581438526,134,0.0
1627581439,1.1884000000000001,1.1884000000000001,0.0,0,1627581439028,134,0.0
1627581439,1.18842,1.18842,0.0,0,1627581439847,134,0.0
1627581442,1.1884299999999999,1.1884299999999999,0.0,0,1627581442210,134,0.0
1627581443,1.18847,1.18847,0.0,0,1627581443398,134,0.0
1627581447,1.18846,1.18846,0.0,0,1627581447640,134,0.0
1627581448,1.18842,1.18842,0.0,0,1627581448158,134,0.0
1627581448,1.18841,1.18841,0.0,0,1627581448680,134,0.0
1627581450,1.18839,1.18839,0.0,0,1627581450312,134,0.0
1627581454,1.1884000000000001,1.1884000000000001,0.0,0,1627581454526,134,0.0
1627581456,1.18839,1.18839,0.0,0,1627581456987,134,0.0
1627581457,1.1884000000000001,1.1884000000000001,0.0,0,1627581457606,134,0.0
1627581458,1.18841,1.18841,0.0,0,1627581458654,134,0.0
1627581462,1.18842,1.18842,0.0,0,1627581462321,134,0.0
1627581464,1.1884299999999999,1.1884299999999999,0.0,0,1627581464368,134,0.0
1627581465,1.18842,1.18842,0.0,0,1627581465042,134,0.0
