time,bid,ask,last,volume,time_msc,flags,volume_real
1740591683,1.26989,1.27,0.0,0,1740591683703,134,0.0
1740591683,1.26985,1.26996,0.0,0,1740591683836,134,0.0
1740591684,1.26981,1.26992,0.0,0,1740591684097,134,0.0
1740591684,1.26985,1.2699500000000001,0.0,0,1740591684860,134,0.0
1740591685,1.26986,1.26997,0.0,0,1740591685975,134,0.0
1740591686,1.26983,1.26994,0.0,0,1740591686010,134,0.0
1740591686,1.26981,1.26992,0.0,0,1740591686035,134,0.0
1740591686,1.26979,1.2699,0.0,0,1740591686079,134,0.0
1740591686,1.26978,1.2698800000000001,0.0,0,1740591686101,134,0.0
1740591686,1.26976,1.26986,0.0,0,1740591686302,134,0.0
1740591686,1.26974,1.26985,0.0,0,1740591686381,134,0.0
1740591687,1.26973,1.26983,0.0,0,1740591687066,134,0.0
1740591687,1.26971,1.26981,0.0,0,1740591687121,134,0.0
1740591687,1.26969,1.2698,0.0,0,1740591687168,134,0.0
1740591687,1.26967,1.26978,0.0,0,1740591687284,134,0.0
1740591688,1.26967,1.26977,0.0,0,1740591688373,4,0.0
1740591688,1.26968,1.26979,0.0,0,1740591688969,134,0.0
1740591689,1.26971,1.26982,0.0,0,1740591689067,134,0.0
1740591690,1.26972,1.26982,0.0,0,1740591690120,130,0.0
1740591690,1.26974,1.26985,0.0,0,1740591690172,134,0.0
1740591690,1.26976,1.26986,0.0,0,1740591690196,134,0.0
1740591690,1.26977,1.2698800000000001,0.0,0,1740591690355,134,0.0
1740591691,1.26978,1.2698800000000001,0.0,0,1740591691373,130,0.0
1740591691,1.26979,1.2699,0.0,0,1740591691492,134,0.0
1740591691,1.26981,1.26992,0.0,0,1740591691522,134,0.0
1740591691,1.26983,1.26993,0.0,0,1740591691577,134,0.0
1740591692,1.26985,1.2699500000000001,0.0,0,1740591692598,134,0.0
1740591692,1.26986,1.26997,0.0,0,1740591692703,134,0.0
1740591693,1.2698800000000001,1.2699799999999999,0.0,0,1740591693717,134,0.0
1740591694,1.26987,1.2699799999999999,0.0,0,1740591694502,130,0.0
1740591694,1.26989,1.26999,0.0,0,1740591694955,134,0.0
1740591695,1.2699099999999999,1.27002,0.0,0,1740591695254,134,0.0
1740591695,1.26994,1.27004,0.0,0,1740591695359,134,0.0
1740591696,1.2699500000000001,1.27005,0.0,0,1740591696490,134,0.0
1740591697,1.26993,1.27004,0.0,0,1740591697782,134,0.0
1740591698,1.26996,1.27007,0.0,0,1740591698262,134,0.0
1740591699,1.26994,1.27005,0.0,0,1740591699500,134,0.0
1740591700,1.26997,1.27007,0.0,0,1740591700277,134,0.0
1740591700,1.2699799999999999,1.27009,0.0,0,1740591700453,134,0.0
1740591701,1.27,1.27011,0.0,0,1740591701710,134,0.0
1740591701,1.27001,1.27012,0.0,0,1740591701768,134,0.0
1740591701,1.27003,1.27013,0.0,0,1740591701776,134,0.0
1740591701,1.27005,1.27016,0.0,0,1740591701810,134,0.0
1740591702,1.27007,1.2701799999999999,0.0,0,1740591702449,134,0.0
1740591703,1.27008,1.2701799999999999,0.0,0,1740591703457,130,0.0
1740591704,1.27008,1.27019,0.0,0,1740591704600,4,0.0
1740591705,1.27006,1.27017,0.0,0,1740591705621,134,0.0
1740591705,1.27003,1.27013,0.0,0,1740591705785,134,0.0
1740591706,1.27001,1.27011,0.0,0,1740591706044,134,0.0
1740591706,1.26999,1.2701,0.0,0,1740591706067,134,0.0
1740591706,1.27001,1.27012,0.0,0,1740591706165,134,0.0
1740591707,1.27005,1.2701500000000001,0.0,0,1740591707555,134,0.0
1740591707,1.27006,1.27017,0.0,0,1740591707676,134,0.0
1740591708,1.27008,1.27019,0.0,0,1740591708025,134,0.0
1740591708,1.27009,1.2702,0.0,0,1740591708865,134,0.0
1740591710,1.27008,1.2701799999999999,0.0,0,1740591710275,134,0.0
1740591710,1.2701,1.27021,0.0,0,1740591710324,134,0.0
1740591710,1.27012,1.27023,0.0,0,1740591710932,134,0.0
1740591712,1.27011,1.27021,0.0,0,1740591712367,134,0.0
1740591712,1.27008,1.2701799999999999,0.0,0,1740591712427,134,0.0
1740591712,1.27006,1.27017,0.0,0,1740591712530,134,0.0
1740591714,1.27004,1.27014,0.0,0,1740591714468,134,0.0
1740591715,1.27004,1.2701500000000001,0.0,0,1740591715586,4,0.0
1740591716,1.27002,1.27012,0.0,0,1740591716122,134,0.0
1740591716,1.27,1.27011,0.0,0,1740591716136,134,0.0
1740591716,1.2699799999999999,1.27009,0.0,0,1740591716143,134,0.0
1740591716,1.26997,1.27007,0.0,0,1740591716729,134,0.0
1740591717,1.27001,1.27011,0.0,0,1740591717055,134,0.0
1740591718,1.26999,1.27009,0.0,0,1740591718068,134,0.0
1740591718,1.26996,1.27006,0.0,0,1740591718965,134,0.0
1740591719,1.26994,1.27005,0.0,0,1740591719011,134,0.0
1740591719,1.26992,1.27003,0.0,0,1740591719161,134,0.0
1740591719,1.2699,1.27001,0.0,0,1740591719180,134,0.0
1740591719,1.26994,1.27004,0.0,0,1740591719738,134,0.0
1740591719,1.26997,1.27008,0.0,0,1740591719856,134,0.0
1740591720,1.26999,1.27009,0.0,0,1740591720435,134,0.0
1740591720,1.27001,1.27011,0.0,0,1740591720443,134,0.0
1740591720,1.27002,1.27013,0.0,0,1740591720480,134,0.0
1740591721,1.27001,1.27012,0.0,0,1740591721143,134,0.0
1740591721,1.2699799999999999,1.27009,0.0,0,1740591721197,134,0.0
1740591721,1.2699500000000001,1.27006,0.0,0,1740591721219,134,0.0
1740591722,1.26999,1.27009,0.0,0,1740591722688,134,0.0
1740591722,1.27001,1.27012,0.0,0,1740591722707,134,0.0
1740591723,1.27003,1.27013,0.0,0,1740591723141,134,0.0
1740591723,1.27001,1.27012,0.0,0,1740591723162,134,0.0
1740591723,1.2699799999999999,1.27009,0.0,0,1740591723383,134,0.0
1740591723,1.27,1.27011,0.0,0,1740591723865,134,0.0
1740591723,1.27003,1.27014,0.0,0,1740591723933,134,0.0
1740591724,1.27004,1.27014,0.0,0,1740591724550,130,0.0
1740591725,1.27,1.27011,0.0,0,1740591725690,134,0.0
1740591725,1.2699799999999999,1.27008,0.0,0,1740591725698,134,0.0
1740591725,1.26996,1.27007,0.0,0,1740591725726,134,0.0
1740591725,1.27,1.27011,0.0,0,1740591725834,134,0.0
1740591726,1.26996,1.27007,0.0,0,1740591726213,134,0.0
1740591726,1.27,1.27011,0.0,0,1740591726468,134,0.0
1740591726,1.27003,1.27014,0.0,0,1740591726802,134,0.0
1740591728,1.27,1.27011,0.0,0,1740591728086,134,0.0
1740591728,1.27004,1.27014,0.0,0,1740591728921,134,0.0
1740591728,1.27006,1.27016,0.0,0,1740591728962,134,0.0
1740591729,1.27007,1.2701799999999999,0.0,0,1740591729621,134,0.0
1740591730,1.27009,1.27019,0.0,0,1740591730510,134,0.0
1740591731,1.27006,1.27017,0.0,0,1740591731987,134,0.0
1740591733,1.27007,1.27017,0.0,0,1740591733103,130,0.0
1740591734,1.27006,1.27016,0.0,0,1740591734413,134,0.0
1740591734,1.27008,1.27019,0.0,0,1740591734835,134,0.0
1740591734,1.2701,1.27021,0.0,0,1740591734840,134,0.0
1740591734,1.27012,1.27023,0.0,0,1740591734847,134,0.0
1740591734,1.27014,1.2702499999999999,0.0,0,1740591734857,134,0.0
1740591734,1.27016,1.27026,0.0,0,1740591734900,134,0.0
1740591735,1.27017,1.27028,0.0,0,1740591735034,134,0.0
1740591735,1.27019,1.2703,0.0,0,1740591735345,134,0.0
1740591735,1.27021,1.27031,0.0,0,1740591735598,134,0.0
1740591735,1.2702200000000001,1.27033,0.0,0,1740591735642,134,0.0
1740591735,1.27024,1.27035,0.0,0,1740591735983,134,0.0
1740591737,1.2702200000000001,1.27033,0.0,0,1740591737100,134,0.0
1740591737,1.27023,1.27034,0.0,0,1740591737237,134,0.0
1740591737,1.27026,1.27037,0.0,0,1740591737770,134,0.0
1740591738,1.27028,1.27039,0.0,0,1740591738900,134,0.0
1740591741,1.27029,1.27039,0.0,0,1740591741196,130,0.0
1740591742,1.27027,1.27038,0.0,0,1740591742314,134,0.0
1740591742,1.2703,1.27041,0.0,0,1740591742942,134,0.0
1740591743,1.27033,1.27043,0.0,0,1740591743022,134,0.0
1740591743,1.27031,1.27042,0.0,0,1740591743347,134,0.0
1740591743,1.27028,1.27039,0.0,0,1740591743366,134,0.0
1740591743,1.27026,1.27036,0.0,0,1740591743414,134,0.0
1740591743,1.27024,1.27035,0.0,0,1740591743924,134,0.0
1740591744,1.27024,1.27034,0.0,0,1740591744933,4,0.0
1740591745,1.2702200000000001,1.27033,0.0,0,1740591745850,134,0.0
1740591746,1.27021,1.27032,0.0,0,1740591746863,134,0.0
1740591747,1.2702499999999999,1.27036,0.0,0,1740591747429,134,0.0
1740591748,1.27027,1.27038,0.0,0,1740591748501,134,0.0
1740591748,1.27029,1.2704,0.0,0,1740591748866,134,0.0
1740591749,1.2703,1.2704,0.0,0,1740591749552,130,0.0
1740591749,1.27031,1.27042,0.0,0,1740591749678,134,0.0
1740591749,1.27033,1.27043,0.0,0,1740591749682,134,0.0
1740591749,1.27035,1.27045,0.0,0,1740591749693,134,0.0
1740591749,1.27037,1.27047,0.0,0,1740591749754,134,0.0
1740591750,1.27038,1.2704900000000001,0.0,0,1740591750010,134,0.0
1740591750,1.2704,1.27051,0.0,0,1740591750045,134,0.0
1740591750,1.27042,1.2705199999999999,0.0,0,1740591750111,134,0.0
1740591750,1.27044,1.27055,0.0,0,1740591750396,134,0.0
1740591750,1.27046,1.2705600000000001,0.0,0,1740591750481,134,0.0
1740591751,1.27047,1.27058,0.0,0,1740591751380,134,0.0
1740591751,1.27044,1.27055,0.0,0,1740591751463,134,0.0
1740591751,1.27041,1.27051,0.0,0,1740591751514,134,0.0
1740591751,1.27038,1.2704900000000001,0.0,0,1740591751882,134,0.0
1740591751,1.27037,1.27047,0.0,0,1740591751914,134,0.0
1740591752,1.27037,1.27048,0.0,0,1740591752532,4,0.0
1740591752,1.2704,1.27051,0.0,0,1740591752549,134,0.0
1740591752,1.27043,1.27054,0.0,0,1740591752569,134,0.0
1740591752,1.27045,1.2705600000000001,0.0,0,1740591752723,134,0.0
1740591752,1.27047,1.27057,0.0,0,1740591752893,134,0.0
1740591753,1.27048,1.2705899999999999,0.0,0,1740591753324,134,0.0
1740591754,1.27045,1.2705600000000001,0.0,0,1740591754291,134,0.0
1740591755,1.27047,1.27058,0.0,0,1740591755400,134,0.0
1740591755,1.27043,1.27053,0.0,0,1740591755483,134,0.0
1740591755,1.2704,1.27051,0.0,0,1740591755494,134,0.0
1740591755,1.27039,1.2704900000000001,0.0,0,1740591755526,134,0.0
1740591755,1.27037,1.27047,0.0,0,1740591755636,134,0.0
1740591755,1.27035,1.27046,0.0,0,1740591755752,134,0.0
1740591756,1.27035,1.27045,0.0,0,1740591756875,4,0.0
1740591757,1.27033,1.27044,0.0,0,1740591757568,134,0.0
1740591757,1.27032,1.27042,0.0,0,1740591757572,134,0.0
1740591757,1.27029,1.2704,0.0,0,1740591757630,134,0.0
1740591757,1.27028,1.27038,0.0,0,1740591757769,134,0.0
1740591758,1.27026,1.27037,0.0,0,1740591758230,134,0.0
1740591758,1.2703,1.2704,0.0,0,1740591758312,134,0.0
1740591759,1.27033,1.27044,0.0,0,1740591759417,134,0.0
1740591760,1.27028,1.27039,0.0,0,1740591760361,134,0.0
1740591760,1.27026,1.27037,0.0,0,1740591760439,134,0.0
1740591761,1.2702499999999999,1.27035,0.0,0,1740591761296,134,0.0
1740591761,1.27023,1.27034,0.0,0,1740591761329,134,0.0
1740591761,1.27027,1.27037,0.0,0,1740591761950,134,0.0
1740591762,1.2702499999999999,1.27036,0.0,0,1740591762184,134,0.0
1740591762,1.27023,1.27034,0.0,0,1740591762229,134,0.0
1740591763,1.27028,1.27038,0.0,0,1740591763043,134,0.0
1740591763,1.2703,1.2704,0.0,0,1740591763079,134,0.0
1740591763,1.27032,1.27042,0.0,0,1740591763480,134,0.0
1740591763,1.27028,1.27038,0.0,0,1740591763608,134,0.0
1740591764,1.27032,1.27042,0.0,0,1740591764227,134,0.0
1740591764,1.27033,1.27044,0.0,0,1740591764374,134,0.0
1740591764,1.27032,1.27042,0.0,0,1740591764524,134,0.0
1740591765,1.27029,1.2704,0.0,0,1740591765247,134,0.0
1740591765,1.27027,1.27038,0.0,0,1740591765280,134,0.0
1740591766,1.27032,1.27042,0.0,0,1740591766411,134,0.0
1740591766,1.27033,1.27044,0.0,0,1740591766980,134,0.0
1740591767,1.27028,1.27038,0.0,0,1740591767668,134,0.0
1740591768,1.2702499999999999,1.27036,0.0,0,1740591768515,134,0.0
1740591769,1.27027,1.27037,0.0,0,1740591769331,134,0.0
1740591771,1.2703,1.2704,0.0,0,1740591771125,134,0.0
1740591771,1.27032,1.27042,0.0,0,1740591771130,134,0.0
1740591771,1.27033,1.27044,0.0,0,1740591771148,134,0.0
1740591771,1.27035,1.27045,0.0,0,1740591771149,134,0.0
1740591771,1.27036,1.27047,0.0,0,1740591771296,134,0.0
1740591772,1.27037,1.27047,0.0,0,1740591772305,130,0.0
1740591773,1.27033,1.27043,0.0,0,1740591773309,134,0.0
1740591774,1.2703,1.2704,0.0,0,1740591774301,134,0.0
1740591774,1.27028,1.27039,0.0,0,1740591774333,134,0.0
1740591774,1.27026,1.27037,0.0,0,1740591774444,134,0.0
1740591775,1.2702499999999999,1.27035,0.0,0,1740591775273,134,0.0
1740591775,1.27023,1.27034,0.0,0,1740591775292,134,0.0
1740591775,1.27021,1.27032,0.0,0,1740591775299,134,0.0
1740591775,1.27019,1.2703,0.0,0,1740591775335,134,0.0
1740591775,1.2701799999999999,1.27028,0.0,0,1740591775938,134,0.0
1740591776,1.27021,1.27032,0.0,0,1740591776909,134,0.0
1740591777,1.2701799999999999,1.27028,0.0,0,1740591777786,134,0.0
1740591777,1.27016,1.27027,0.0,0,1740591777984,134,0.0
1740591778,1.27019,1.27029,0.0,0,1740591778403,134,0.0
1740591778,1.27021,1.27032,0.0,0,1740591778449,134,0.0
1740591778,1.27023,1.27034,0.0,0,1740591778488,134,0.0
1740591779,1.2702499999999999,1.27035,0.0,0,1740591779049,134,0.0
1740591779,1.27026,1.27037,0.0,0,1740591779171,134,0.0
1740591780,1.27027,1.27038,0.0,0,1740591780216,134,0.0
1740591780,1.2703,1.27041,0.0,0,1740591780942,134,0.0
1740591782,1.2703,1.2704,0.0,0,1740591782527,4,0.0
1740591783,1.27026,1.27036,0.0,0,1740591783215,134,0.0
1740591783,1.27024,1.27035,0.0,0,1740591783239,134,0.0
1740591784,1.27027,1.27038,0.0,0,1740591784248,134,0.0
1740591785,1.27024,1.27035,0.0,0,1740591785265,134,0.0
1740591785,1.27026,1.27037,0.0,0,1740591785974,134,0.0
1740591787,1.27027,1.27037,0.0,0,1740591787033,130,0.0
1740591787,1.27024,1.27034,0.0,0,1740591787683,134,0.0
1740591787,1.2702200000000001,1.27033,0.0,0,1740591787709,134,0.0
1740591788,1.27021,1.27031,0.0,0,1740591788545,134,0.0
1740591789,1.27019,1.2703,0.0,0,1740591789831,134,0.0
1740591790,1.2702200000000001,1.27033,0.0,0,1740591790176,134,0.0
1740591790,1.27024,1.27035,0.0,0,1740591790208,134,0.0
1740591790,1.2702,1.2703,0.0,0,1740591790389,134,0.0
1740591790,1.27017,1.27028,0.0,0,1740591790406,134,0.0
1740591790,1.27016,1.27026,0.0,0,1740591790644,134,0.0
1740591790,1.27014,1.27024,0.0,0,1740591790683,134,0.0
1740591793,1.27012,1.27023,0.0,0,1740591793095,134,0.0
1740591793,1.27016,1.27026,0.0,0,1740591793322,134,0.0
1740591793,1.27013,1.27024,0.0,0,1740591793328,134,0.0
1740591793,1.27011,1.2702200000000001,0.0,0,1740591793363,134,0.0
1740591793,1.27009,1.2702,0.0,0,1740591793678,134,0.0
1740591794,1.27009,1.27019,0.0,0,1740591794773,4,0.0
1740591794,1.27013,1.27023,0.0,0,1740591794970,134,0.0
1740591795,1.27016,1.27026,0.0,0,1740591795308,134,0.0
1740591795,1.27011,1.2702200000000001,0.0,0,1740591795352,134,0.0
1740591796,1.2701,1.27021,0.0,0,1740591796577,134,0.0
1740591798,1.27009,1.2702,0.0,0,1740591798986,134,0.0
1740591799,1.27008,1.2701799999999999,0.0,0,1740591799020,134,0.0
1740591800,1.27012,1.27023,0.0,0,1740591800027,134,0.0
1740591800,1.2701,1.27021,0.0,0,1740591800569,134,0.0
1740591800,1.27008,1.2701799999999999,0.0,0,1740591800688,134,0.0
1740591801,1.27005,1.27016,0.0,0,1740591801184,134,0.0
1740591801,1.27009,1.2702,0.0,0,1740591801313,134,0.0
1740591801,1.27011,1.27021,0.0,0,1740591801377,134,0.0
1740591803,1.27013,1.27024,0.0,0,1740591803129,134,0.0
1740591803,1.27014,1.2702499999999999,0.0,0,1740591803733,134,0.0
1740591803,1.27011,1.2702200000000001,0.0,0,1740591803744,134,0.0
1740591803,1.27009,1.27019,0.0,0,1740591803785,134,0.0
1740591803,1.27006,1.27017,0.0,0,1740591803934,134,0.0
1740591804,1.27009,1.2702,0.0,0,1740591804939,134,0.0
1740591806,1.27011,1.2702200000000001,0.0,0,1740591806001,134,0.0
1740591806,1.27008,1.2701799999999999,0.0,0,1740591806016,134,0.0
1740591806,1.27006,1.27017,0.0,0,1740591806030,134,0.0
1740591806,1.27004,1.2701500000000001,0.0,0,1740591806276,134,0.0
1740591807,1.27003,1.27013,0.0,0,1740591807020,134,0.0
1740591808,1.27002,1.27013,0.0,0,1740591808045,130,0.0
1740591809,1.27003,1.27014,0.0,0,1740591809306,134,0.0
1740591810,1.27006,1.27016,0.0,0,1740591810359,134,0.0
1740591811,1.27004,1.2701500000000001,0.0,0,1740591811024,134,0.0
1740591811,1.27002,1.27012,0.0,0,1740591811095,134,0.0
1740591811,1.27,1.2701,0.0,0,1740591811142,134,0.0
1740591811,1.2699799999999999,1.27009,0.0,0,1740591811216,134,0.0
1740591811,1.26997,1.27007,0.0,0,1740591811307,134,0.0
1740591811,1.2699500000000001,1.27005,0.0,0,1740591811355,134,0.0
1740591812,1.26997,1.27007,0.0,0,1740591812478,134,0.0
1740591813,1.2699799999999999,1.27009,0.0,0,1740591813531,134,0.0
1740591814,1.26999,1.2701,0.0,0,1740591814762,134,0.0
1740591815,1.27,1.2701,0.0,0,1740591815883,130,0.0
1740591816,1.26996,1.27007,0.0,0,1740591816091,134,0.0
1740591817,1.2699500000000001,1.27005,0.0,0,1740591817090,134,0.0
1740591817,1.2699799999999999,1.27009,0.0,0,1740591817727,134,0.0
1740591817,1.27001,1.27012,0.0,0,1740591817732,134,0.0
1740591817,1.27003,1.27014,0.0,0,1740591817764,134,0.0
1740591817,1.27005,1.2701500000000001,0.0,0,1740591817767,134,0.0
1740591817,1.27007,1.27017,0.0,0,1740591817843,134,0.0
1740591818,1.27008,1.2701799999999999,0.0,0,1740591818923,134,0.0
1740591820,1.27008,1.27019,0.0,0,1740591820052,4,0.0
1740591820,1.2701,1.2702,0.0,0,1740591820196,134,0.0
1740591820,1.27005,1.27016,0.0,0,1740591820331,134,0.0
1740591821,1.27003,1.27014,0.0,0,1740591821333,134,0.0
1740591824,1.27004,1.27014,0.0,0,1740591824951,130,0.0
1740591825,1.27001,1.27011,0.0,0,1740591825463,134,0.0
1740591825,1.26999,1.2701,0.0,0,1740591825478,134,0.0
1740591825,1.26997,1.27008,0.0,0,1740591825485,134,0.0
1740591825,1.26996,1.27006,0.0,0,1740591825552,134,0.0
1740591826,1.26997,1.27008,0.0,0,1740591826585,134,0.0
1740591827,1.27,1.2701,0.0,0,1740591827725,134,0.0
1740591828,1.2699799999999999,1.27009,0.0,0,1740591828487,134,0.0
1740591828,1.26996,1.27006,0.0,0,1740591828638,134,0.0
1740591828,1.26999,1.27009,0.0,0,1740591828774,134,0.0
1740591829,1.27,1.27011,0.0,0,1740591829479,134,0.0
1740591829,1.26997,1.27008,0.0,0,1740591829502,134,0.0
1740591830,1.27,1.2701,0.0,0,1740591830190,134,0.0
1740591831,1.26997,1.27007,0.0,0,1740591831129,134,0.0
1740591831,1.2699500000000001,1.27005,0.0,0,1740591831189,134,0.0
1740591832,1.2699799999999999,1.27009,0.0,0,1740591832138,134,0.0
1740591832,1.2699500000000001,1.27006,0.0,0,1740591832339,134,0.0
1740591833,1.26994,1.27005,0.0,0,1740591833463,134,0.0
1740591836,1.2699500000000001,1.27005,0.0,0,1740591836163,130,0.0
1740591837,1.2699500000000001,1.27006,0.0,0,1740591837305,4,0.0
1740591840,1.26993,1.27003,0.0,0,1740591840047,134,0.0
1740591840,1.2699099999999999,1.27001,0.0,0,1740591840167,134,0.0
1740591840,1.26989,1.27,0.0,0,1740591840567,134,0.0
1740591840,1.26986,1.26997,0.0,0,1740591840670,134,0.0
1740591841,1.2698800000000001,1.26999,0.0,0,1740591841035,134,0.0
1740591841,1.2699099999999999,1.27002,0.0,0,1740591841566,134,0.0
1740591841,1.26993,1.27004,0.0,0,1740591841598,134,0.0
1740591841,1.2699,1.27,0.0,0,1740591841933,134,0.0
1740591841,1.26987,1.2699799999999999,0.0,0,1740591841950,134,0.0
1740591841,1.26985,1.26996,0.0,0,1740591841966,134,0.0
1740591842,1.26984,1.26994,0.0,0,1740591842010,134,0.0
1740591842,1.26982,1.26993,0.0,0,1740591842124,134,0.0
1740591844,1.2698,1.2699099999999999,0.0,0,1740591844151,134,0.0
1740591844,1.26984,1.2699500000000001,0.0,0,1740591844398,134,0.0
1740591845,1.26982,1.26993,0.0,0,1740591845253,134,0.0
1740591845,1.2698,1.2699,0.0,0,1740591845255,134,0.0
1740591845,1.26978,1.2698800000000001,0.0,0,1740591845281,134,0.0
1740591845,1.26976,1.26986,0.0,0,1740591845290,134,0.0
1740591845,1.26974,1.26985,0.0,0,1740591845343,134,0.0
1740591845,1.26973,1.26984,0.0,0,1740591845862,134,0.0
1740591846,1.26974,1.26984,0.0,0,1740591846686,130,0.0
1740591846,1.26972,1.26983,0.0,0,1740591846746,134,0.0
1740591846,1.26976,1.26986,0.0,0,1740591846847,134,0.0
1740591847,1.26979,1.26989,0.0,0,1740591847896,134,0.0
1740591848,1.26977,1.26987,0.0,0,1740591848110,134,0.0
1740591848,1.26975,1.26985,0.0,0,1740591848183,134,0.0
1740591848,1.26972,1.26983,0.0,0,1740591848760,134,0.0
1740591848,1.26971,1.26981,0.0,0,1740591848801,134,0.0
1740591850,1.26974,1.26984,0.0,0,1740591850083,134,0.0
1740591850,1.26975,1.26986,0.0,0,1740591850494,134,0.0
1740591850,1.26977,1.2698800000000001,0.0,0,1740591850530,134,0.0
1740591850,1.26979,1.2699,0.0,0,1740591850573,134,0.0
1740591851,1.26975,1.26986,0.0,0,1740591851192,134,0.0
1740591852,1.26976,1.26987,0.0,0,1740591852333,134,0.0
1740591852,1.26979,1.2699,0.0,0,1740591852873,134,0.0
1740591855,1.26978,1.26989,0.0,0,1740591855772,134,0.0
1740591856,1.26978,1.2698800000000001,0.0,0,1740591856835,4,0.0
1740591857,1.2698,1.2699099999999999,0.0,0,1740591857114,134,0.0
1740591858,1.26977,1.26987,0.0,0,1740591858117,134,0.0
1740591859,1.26977,1.2698800000000001,0.0,0,1740591859159,4,0.0
1740591861,1.26977,1.26987,0.0,0,1740591861189,4,0.0
1740591862,1.26977,1.2698800000000001,0.0,0,1740591862210,4,0.0
1740591863,1.26977,1.26987,0.0,0,1740591863255,4,0.0
1740591864,1.2698,1.2699,0.0,0,1740591864174,134,0.0
1740591865,1.26978,1.26989,0.0,0,1740591865175,134,0.0
1740591866,1.26977,1.2698800000000001,0.0,0,1740591866335,134,0.0
1740591866,1.2698,1.2699,0.0,0,1740591866477,134,0.0
1740591866,1.26981,1.26992,0.0,0,1740591866812,134,0.0
1740591866,1.26984,1.2699500000000001,0.0,0,1740591866874,134,0.0
1740591866,1.26986,1.26996,0.0,0,1740591866944,134,0.0
1740591867,1.26987,1.26997,0.0,0,1740591867614,134,0.0
1740591867,1.26983,1.26994,0.0,0,1740591867625,134,0.0
1740591867,1.26981,1.2699099999999999,0.0,0,1740591867655,134,0.0
1740591867,1.26979,1.26989,0.0,0,1740591867673,134,0.0
1740591867,1.26977,1.2698800000000001,0.0,0,1740591867724,134,0.0
1740591868,1.26978,1.2698800000000001,0.0,0,1740591868852,130,0.0
1740591869,1.2698,1.2699099999999999,0.0,0,1740591869867,134,0.0
1740591870,1.26977,1.26987,0.0,0,1740591870581,134,0.0
1740591871,1.26975,1.26986,0.0,0,1740591871629,134,0.0
1740591871,1.26979,1.2699,0.0,0,1740591871685,134,0.0
1740591872,1.26981,1.26992,0.0,0,1740591872303,134,0.0
1740591872,1.26983,1.26994,0.0,0,1740591872368,134,0.0
1740591872,1.26985,1.2699500000000001,0.0,0,1740591872400,134,0.0
1740591872,1.26986,1.26997,0.0,0,1740591872706,134,0.0
1740591873,1.26985,1.2699500000000001,0.0,0,1740591873430,134,0.0
1740591874,1.26987,1.26997,0.0,0,1740591874535,134,0.0
1740591875,1.2698800000000001,1.2699799999999999,0.0,0,1740591875052,134,0.0
1740591875,1.26989,1.27,0.0,0,1740591875804,134,0.0
1740591875,1.2699,1.27001,0.0,0,1740591875823,134,0.0
1740591875,1.26992,1.27003,0.0,0,1740591875848,134,0.0
1740591875,1.26994,1.27004,0.0,0,1740591875872,134,0.0
1740591876,1.26996,1.27006,0.0,0,1740591876540,134,0.0
1740591877,1.26997,1.27008,0.0,0,1740591877699,134,0.0
1740591879,1.26996,1.27007,0.0,0,1740591879255,134,0.0
1740591880,1.2699500000000001,1.27006,0.0,0,1740591880292,134,0.0
1740591881,1.26992,1.27002,0.0,0,1740591881235,134,0.0
1740591882,1.26993,1.27003,0.0,0,1740591882256,134,0.0
1740591883,1.2699099999999999,1.27001,0.0,0,1740591883013,134,0.0
1740591883,1.26993,1.27003,0.0,0,1740591883144,134,0.0
1740591883,1.2699500000000001,1.27006,0.0,0,1740591883256,134,0.0
1740591884,1.26993,1.27003,0.0,0,1740591884276,134,0.0
1740591884,1.2699,1.27001,0.0,0,1740591884430,134,0.0
1740591884,1.26989,1.27,0.0,0,1740591884459,134,0.0
1740591884,1.26987,1.2699799999999999,0.0,0,1740591884496,134,0.0
1740591885,1.26986,1.26997,0.0,0,1740591885914,134,0.0
1740591886,1.26986,1.26996,0.0,0,1740591886916,4,0.0
1740591888,1.26984,1.2699500000000001,0.0,0,1740591888166,134,0.0
1740591889,1.26982,1.26993,0.0,0,1740591889829,134,0.0
1740591890,1.26979,1.2699,0.0,0,1740591890183,134,0.0
1740591890,1.26977,1.2698800000000001,0.0,0,1740591890347,134,0.0
1740591891,1.26976,1.26986,0.0,0,1740591891146,134,0.0
1740591891,1.26974,1.26985,0.0,0,1740591891651,134,0.0
1740591891,1.26972,1.26983,0.0,0,1740591891966,134,0.0
1740591892,1.26971,1.26981,0.0,0,1740591892039,134,0.0
1740591892,1.26969,1.2698,0.0,0,1740591892120,134,0.0
1740591892,1.26967,1.26977,0.0,0,1740591892236,134,0.0
1740591893,1.26966,1.26976,0.0,0,1740591893239,134,0.0
1740591893,1.26969,1.26979,0.0,0,1740591893479,134,0.0
1740591893,1.26971,1.26982,0.0,0,1740591893860,134,0.0
1740591894,1.26973,1.26984,0.0,0,1740591894366,134,0.0
1740591894,1.26975,1.26985,0.0,0,1740591894433,134,0.0
1740591895,1.26976,1.26986,0.0,0,1740591895495,134,0.0
1740591895,1.26978,1.2698800000000001,0.0,0,1740591895882,134,0.0
1740591896,1.26979,1.2699,0.0,0,1740591896099,134,0.0
1740591896,1.26981,1.2699099999999999,0.0,0,1740591896272,134,0.0
1740591897,1.26982,1.26993,0.0,0,1740591897029,134,0.0
1740591898,1.26983,1.26993,0.0,0,1740591898120,130,0.0
1740591898,1.26985,1.26996,0.0,0,1740591898232,134,0.0
1740591899,1.26983,1.26993,0.0,0,1740591899283,134,0.0
1740591900,1.26979,1.26989,0.0,0,1740591900139,134,0.0
1740591900,1.26977,1.2698800000000001,0.0,0,1740591900274,134,0.0
1740591900,1.26975,1.26986,0.0,0,1740591900351,134,0.0
1740591901,1.26977,1.26987,0.0,0,1740591901666,134,0.0
1740591902,1.26978,1.2698800000000001,0.0,0,1740591902517,134,0.0
1740591903,1.26976,1.26986,0.0,0,1740591903520,134,0.0
1740591904,1.2698,1.2699,0.0,0,1740591904482,134,0.0
1740591905,1.26977,1.2698800000000001,0.0,0,1740591905663,134,0.0
1740591905,1.26981,1.26992,0.0,0,1740591905715,134,0.0
1740591905,1.26983,1.26993,0.0,0,1740591905774,134,0.0
1740591906,1.26978,1.2698800000000001,0.0,0,1740591906494,134,0.0
1740591907,1.26975,1.26986,0.0,0,1740591907602,134,0.0
1740591907,1.26974,1.26984,0.0,0,1740591907975,134,0.0
1740591908,1.26971,1.26982,0.0,0,1740591908025,134,0.0
1740591908,1.2697,1.2698,0.0,0,1740591908053,134,0.0
1740591909,1.26969,1.26979,0.0,0,1740591909101,134,0.0
1740591909,1.26967,1.26978,0.0,0,1740591909176,134,0.0
1740591910,1.26965,1.26976,0.0,0,1740591910176,134,0.0
1740591911,1.26963,1.26974,0.0,0,1740591911180,134,0.0
1740591912,1.26963,1.26973,0.0,0,1740591912230,4,0.0
1740591912,1.2696100000000001,1.26972,0.0,0,1740591912832,134,0.0
1740591913,1.2696,1.2697,0.0,0,1740591913000,134,0.0
1740591915,1.26962,1.26973,0.0,0,1740591915233,134,0.0
1740591915,1.26965,1.26976,0.0,0,1740591915267,134,0.0
1740591915,1.26967,1.26978,0.0,0,1740591915949,134,0.0
1740591916,1.26965,1.26975,0.0,0,1740591916664,134,0.0
1740591916,1.26962,1.26972,0.0,0,1740591916718,134,0.0
1740591916,1.2696,1.26971,0.0,0,1740591916846,134,0.0
1740591917,1.26958,1.26969,0.0,0,1740591917377,134,0.0
1740591918,1.26956,1.26967,0.0,0,1740591918725,134,0.0
1740591919,1.2696,1.26971,0.0,0,1740591919044,134,0.0
1740591919,1.26963,1.26973,0.0,0,1740591919092,134,0.0
1740591919,1.26966,1.26976,0.0,0,1740591919115,134,0.0
1740591919,1.26967,1.26978,0.0,0,1740591919138,134,0.0
1740591919,1.26969,1.2698,0.0,0,1740591919185,134,0.0
1740591919,1.26971,1.26981,0.0,0,1740591919407,134,0.0
1740591920,1.26968,1.26979,0.0,0,1740591920624,134,0.0
1740591921,1.26968,1.26978,0.0,0,1740591921628,4,0.0
1740591923,1.26966,1.26976,0.0,0,1740591923554,134,0.0
1740591924,1.26966,1.26977,0.0,0,1740591924570,4,0.0
1740591925,1.26967,1.26977,0.0,0,1740591925655,130,0.0
1740591925,1.2696399999999999,1.26974,0.0,0,1740591925769,134,0.0
1740591925,1.26962,1.26972,0.0,0,1740591925926,134,0.0
1740591925,1.2696,1.26971,0.0,0,1740591925942,134,0.0
1740591925,1.26958,1.26969,0.0,0,1740591925978,134,0.0
1740591926,1.2695699999999999,1.26967,0.0,0,1740591926060,134,0.0
1740591927,1.26956,1.26967,0.0,0,1740591927521,130,0.0
1740591928,1.2695699999999999,1.26968,0.0,0,1740591928869,134,0.0
1740591929,1.2696100000000001,1.26971,0.0,0,1740591929843,134,0.0
1740591930,1.2696,1.26971,0.0,0,1740591930871,130,0.0
1740591931,1.26959,1.26969,0.0,0,1740591931965,134,0.0
1740591932,1.26958,1.26968,0.0,0,1740591932997,134,0.0
1740591934,1.26956,1.26967,0.0,0,1740591934016,134,0.0
1740591935,1.2695400000000001,1.2696399999999999,0.0,0,1740591935380,134,0.0
1740591935,1.26952,1.26963,0.0,0,1740591935422,134,0.0
1740591935,1.26951,1.2696100000000001,0.0,0,1740591935624,134,0.0
1740591935,1.26949,1.2696,0.0,0,1740591935719,134,0.0
1740591938,1.26952,1.26963,0.0,0,1740591938176,134,0.0
1740591938,1.26955,1.26966,0.0,0,1740591938237,134,0.0
1740591938,1.26956,1.26967,0.0,0,1740591938658,134,0.0
1740591939,1.26958,1.26969,0.0,0,1740591939150,134,0.0
1740591939,1.2696,1.2697,0.0,0,1740591939176,134,0.0
1740591939,1.2696100000000001,1.26972,0.0,0,1740591939253,134,0.0
1740591939,1.26963,1.26974,0.0,0,1740591939339,134,0.0
1740591939,1.26965,1.26975,0.0,0,1740591939528,134,0.0
1740591939,1.26966,1.26977,0.0,0,1740591939542,134,0.0
1740591939,1.26968,1.26979,0.0,0,1740591939556,134,0.0
1740591940,1.26969,1.2698,0.0,0,1740591940557,134,0.0
1740591942,1.26965,1.26975,0.0,0,1740591942059,134,0.0
1740591942,1.26962,1.26973,0.0,0,1740591942285,134,0.0
1740591943,1.2696100000000001,1.26972,0.0,0,1740591943444,134,0.0
1740591944,1.2696,1.2697,0.0,0,1740591944405,134,0.0
1740591944,1.26958,1.26969,0.0,0,1740591944628,134,0.0
1740591947,1.26958,1.26968,0.0,0,1740591947996,4,0.0
1740591949,1.26958,1.26969,0.0,0,1740591949035,4,0.0
1740591950,1.26959,1.2697,0.0,0,1740591950150,134,0.0
1740591950,1.26962,1.26972,0.0,0,1740591950800,134,0.0
1740591950,1.26958,1.26968,0.0,0,1740591950916,134,0.0
1740591951,1.2695699999999999,1.26968,0.0,0,1740591951940,130,0.0
1740591954,1.26955,1.26966,0.0,0,1740591954529,134,0.0
1740591954,1.26958,1.26968,0.0,0,1740591954810,134,0.0
1740591955,1.26955,1.26966,0.0,0,1740591955817,134,0.0
1740591957,1.26958,1.26968,0.0,0,1740591957205,134,0.0
1740591958,1.2696,1.26971,0.0,0,1740591958000,134,0.0
1740591958,1.26962,1.26972,0.0,0,1740591958090,134,0.0
1740591958,1.26963,1.26974,0.0,0,1740591958799,134,0.0
1740591959,1.2696,1.2697,0.0,0,1740591959114,134,0.0
1740591959,1.2695699999999999,1.26967,0.0,0,1740591959568,134,0.0
1740591960,1.2695400000000001,1.26965,0.0,0,1740591960268,134,0.0
1740591960,1.26953,1.26963,0.0,0,1740591960285,134,0.0
1740591960,1.26951,1.2696100000000001,0.0,0,1740591960381,134,0.0
1740591961,1.2695400000000001,1.26965,0.0,0,1740591961264,134,0.0
1740591962,1.26953,1.2696399999999999,0.0,0,1740591962457,134,0.0
1740591962,1.26951,1.2696100000000001,0.0,0,1740591962467,134,0.0
1740591962,1.26949,1.2696,0.0,0,1740591962490,134,0.0
1740591962,1.26946,1.2695699999999999,0.0,0,1740591962728,134,0.0
1740591963,1.26951,1.2696100000000001,0.0,0,1740591963260,134,0.0
1740591964,1.26953,1.26963,0.0,0,1740591964564,134,0.0
1740591964,1.26948,1.26959,0.0,0,1740591964688,134,0.0
1740591964,1.26946,1.26956,0.0,0,1740591964884,134,0.0
1740591965,1.26945,1.26955,0.0,0,1740591965941,134,0.0
1740591967,1.26946,1.26956,0.0,0,1740591967072,134,0.0
1740591968,1.26946,1.2695699999999999,0.0,0,1740591968112,4,0.0
1740591969,1.26947,1.2695699999999999,0.0,0,1740591969211,130,0.0
1740591970,1.26943,1.2695400000000001,0.0,0,1740591970344,134,0.0
1740591970,1.26948,1.26958,0.0,0,1740591970714,134,0.0
1740591971,1.2695,1.2696100000000001,0.0,0,1740591971229,134,0.0
1740591971,1.26952,1.26963,0.0,0,1740591971248,134,0.0
1740591971,1.2695400000000001,1.26965,0.0,0,1740591971274,134,0.0
1740591971,1.2695,1.2696100000000001,0.0,0,1740591971730,134,0.0
1740591975,1.26953,1.2696399999999999,0.0,0,1740591975072,134,0.0
1740591975,1.2695400000000001,1.26965,0.0,0,1740591975361,134,0.0
1740591975,1.2695699999999999,1.26968,0.0,0,1740591975634,134,0.0
1740591975,1.26959,1.26969,0.0,0,1740591975700,134,0.0
1740591975,1.26955,1.26965,0.0,0,1740591975753,134,0.0
1740591976,1.26952,1.26962,0.0,0,1740591976482,134,0.0
1740591976,1.2695,1.2696,0.0,0,1740591976495,134,0.0
1740591976,1.26948,1.26959,0.0,0,1740591976508,134,0.0
1740591976,1.26946,1.2695699999999999,0.0,0,1740591976515,134,0.0
1740591976,1.26945,1.26955,0.0,0,1740591976569,134,0.0
1740591978,1.26949,1.2696,0.0,0,1740591978390,134,0.0
1740591978,1.26952,1.26962,0.0,0,1740591978401,134,0.0
1740591978,1.26947,1.26958,0.0,0,1740591978418,134,0.0
1740591978,1.26944,1.26955,0.0,0,1740591978428,134,0.0
1740591978,1.26942,1.26953,0.0,0,1740591978444,134,0.0
1740591979,1.26944,1.26955,0.0,0,1740591979106,134,0.0
1740591980,1.26943,1.26953,0.0,0,1740591980169,134,0.0
1740591980,1.26941,1.26952,0.0,0,1740591980477,134,0.0
1740591980,1.26939,1.26949,0.0,0,1740591980493,134,0.0
1740591980,1.26936,1.26946,0.0,0,1740591980515,134,0.0
1740591980,1.26933,1.26944,0.0,0,1740591980516,134,0.0
1740591980,1.26931,1.26942,0.0,0,1740591980642,134,0.0
1740591981,1.2692999999999999,1.26941,0.0,0,1740591981256,134,0.0
1740591981,1.26929,1.26939,0.0,0,1740591981307,134,0.0
1740591981,1.2692700000000001,1.26938,0.0,0,1740591981645,134,0.0
1740591981,1.26926,1.26936,0.0,0,1740591981689,134,0.0
1740591981,1.26924,1.2693400000000001,0.0,0,1740591981745,134,0.0
1740591981,1.26926,1.26936,0.0,0,1740591981927,134,0.0
1740591982,1.26924,1.26935,0.0,0,1740591982545,134,0.0
1740591982,1.26922,1.26933,0.0,0,1740591982550,134,0.0
1740591982,1.2692,1.2692999999999999,0.0,0,1740591982579,134,0.0
1740591982,1.26918,1.26928,0.0,0,1740591982584,134,0.0
1740591982,1.26916,1.2692700000000001,0.0,0,1740591982987,134,0.0
1740591983,1.26919,1.2692999999999999,0.0,0,1740591983678,134,0.0
1740591983,1.26923,1.2693400000000001,0.0,0,1740591983723,134,0.0
1740591983,1.26925,1.26935,0.0,0,1740591983751,134,0.0
1740591984,1.26926,1.2693699999999999,0.0,0,1740591984534,134,0.0
1740591984,1.26925,1.26935,0.0,0,1740591984829,134,0.0
1740591984,1.26921,1.26932,0.0,0,1740591984843,134,0.0
1740591984,1.26919,1.26929,0.0,0,1740591984845,134,0.0
1740591984,1.26917,1.26928,0.0,0,1740591984861,134,0.0
1740591984,1.26921,1.26932,0.0,0,1740591984907,134,0.0
1740591984,1.26917,1.26928,0.0,0,1740591984990,134,0.0
1740591985,1.26915,1.26926,0.0,0,1740591985010,134,0.0
1740591985,1.26919,1.2692999999999999,0.0,0,1740591985126,134,0.0
1740591985,1.26915,1.26926,0.0,0,1740591985145,134,0.0
1740591985,1.2692,1.26931,0.0,0,1740591985725,134,0.0
1740591985,1.26923,1.26933,0.0,0,1740591985742,134,0.0
1740591985,1.26924,1.26935,0.0,0,1740591985836,134,0.0
1740591986,1.26926,1.2693699999999999,0.0,0,1740591986200,134,0.0
1740591986,1.26922,1.26933,0.0,0,1740591986280,134,0.0
1740591987,1.26922,1.26932,0.0,0,1740591987358,4,0.0
1740591987,1.26919,1.26929,0.0,0,1740591987764,134,0.0
1740591987,1.26916,1.26926,0.0,0,1740591987797,134,0.0
1740591987,1.26914,1.26925,0.0,0,1740591987829,134,0.0
1740591989,1.26913,1.26923,0.0,0,1740591989000,134,0.0
1740591991,1.26914,1.26925,0.0,0,1740591991268,134,0.0
1740591992,1.26912,1.26922,0.0,0,1740591992013,134,0.0
1740591993,1.26912,1.26923,0.0,0,1740591993047,4,0.0
1740591993,1.26916,1.26926,0.0,0,1740591993100,134,0.0
1740591993,1.26917,1.26928,0.0,0,1740591993268,134,0.0
1740591993,1.2692,1.26931,0.0,0,1740591993372,134,0.0
1740591994,1.26918,1.26929,0.0,0,1740591994229,134,0.0
1740591994,1.26916,1.2692700000000001,0.0,0,1740591994254,134,0.0
1740591994,1.26914,1.26924,0.0,0,1740591994372,134,0.0
1740591994,1.26912,1.26922,0.0,0,1740591994717,134,0.0
1740591994,1.2691,1.26921,0.0,0,1740591994986,134,0.0
1740591994,1.26909,1.26919,0.0,0,1740591994988,134,0.0
1740591996,1.26908,1.26919,0.0,0,1740591996331,130,0.0
1740591997,1.2691,1.26921,0.0,0,1740591997244,134,0.0
1740591997,1.26913,1.26924,0.0,0,1740591997257,134,0.0
1740591997,1.26915,1.26926,0.0,0,1740591997278,134,0.0
1740591997,1.26917,1.26928,0.0,0,1740591997957,134,0.0
1740591999,1.26918,1.26928,0.0,0,1740591999233,130,0.0
1740592000,1.26918,1.26929,0.0,0,1740592000244,4,0.0
1740592000,1.2692,1.2692999999999999,0.0,0,1740592000801,134,0.0
1740592001,1.26916,1.26926,0.0,0,1740592001249,134,0.0
1740592002,1.26914,1.26925,0.0,0,1740592002354,134,0.0
1740592003,1.26915,1.26926,0.0,0,1740592003994,134,0.0
1740592005,1.26914,1.26925,0.0,0,1740592005551,134,0.0
1740592006,1.26915,1.26925,0.0,0,1740592006665,130,0.0
1740592007,1.26914,1.26925,0.0,0,1740592007859,130,0.0
1740592008,1.26912,1.26922,0.0,0,1740592008715,134,0.0
1740592008,1.26909,1.26919,0.0,0,1740592008793,134,0.0
1740592009,1.26906,1.26917,0.0,0,1740592009256,134,0.0
1740592009,1.26904,1.26915,0.0,0,1740592009713,134,0.0
1740592010,1.2690299999999999,1.26914,0.0,0,1740592010619,134,0.0
1740592011,1.26901,1.26912,0.0,0,1740592011087,134,0.0
1740592011,1.26899,1.2691,0.0,0,1740592011110,134,0.0
1740592011,1.26897,1.26907,0.0,0,1740592011125,134,0.0
1740592011,1.26895,1.26906,0.0,0,1740592011130,134,0.0
1740592011,1.26898,1.26909,0.0,0,1740592011349,134,0.0
1740592011,1.26902,1.26913,0.0,0,1740592011453,134,0.0
1740592011,1.26898,1.26908,0.0,0,1740592011829,134,0.0
1740592011,1.26895,1.26906,0.0,0,1740592011864,134,0.0
1740592012,1.2689300000000001,1.26904,0.0,0,1740592012344,134,0.0
1740592012,1.26892,1.26902,0.0,0,1740592012556,134,0.0
1740592013,1.26895,1.26906,0.0,0,1740592013189,134,0.0
1740592013,1.26899,1.26909,0.0,0,1740592013226,134,0.0
1740592013,1.2690000000000001,1.26911,0.0,0,1740592013438,134,0.0
1740592014,1.26901,1.26912,0.0,0,1740592014567,134,0.0
1740592014,1.2690299999999999,1.26913,0.0,0,1740592014655,134,0.0
1740592014,1.26904,1.26915,0.0,0,1740592014679,134,0.0
1740592015,1.2690000000000001,1.26911,0.0,0,1740592015207,134,0.0
1740592015,1.26904,1.26915,0.0,0,1740592015254,134,0.0
1740592015,1.26899,1.26909,0.0,0,1740592015287,134,0.0
1740592015,1.26897,1.26908,0.0,0,1740592015484,134,0.0
1740592018,1.26895,1.26906,0.0,0,1740592018721,134,0.0
1740592019,1.26898,1.26909,0.0,0,1740592019066,134,0.0
1740592020,1.2690000000000001,1.26911,0.0,0,1740592020138,134,0.0
1740592020,1.26898,1.26909,0.0,0,1740592020565,134,0.0
1740592021,1.26899,1.2691,0.0,0,1740592021713,134,0.0
1740592023,1.26898,1.26909,0.0,0,1740592023104,134,0.0
1740592024,1.26899,1.26909,0.0,0,1740592024148,130,0.0
1740592024,1.26901,1.26912,0.0,0,1740592024172,134,0.0
1740592024,1.26898,1.26908,0.0,0,1740592024589,134,0.0
1740592024,1.26895,1.26906,0.0,0,1740592024629,134,0.0
1740592024,1.2689300000000001,1.26904,0.0,0,1740592024704,134,0.0
1740592025,1.26892,1.2690299999999999,0.0,0,1740592025526,134,0.0
1740592027,1.26891,1.26901,0.0,0,1740592027578,134,0.0
1740592027,1.26888,1.26899,0.0,0,1740592027617,134,0.0
1740592027,1.26886,1.26897,0.0,0,1740592027628,134,0.0
1740592028,1.26884,1.26895,0.0,0,1740592028939,134,0.0
1740592029,1.26884,1.26894,0.0,0,1740592029946,4,0.0
1740592031,1.26883,1.26894,0.0,0,1740592031754,130,0.0
1740592032,1.26883,1.2689300000000001,0.0,0,1740592032747,4,0.0
1740592033,1.26881,1.26892,0.0,0,1740592033202,134,0.0
1740592034,1.26884,1.26895,0.0,0,1740592034551,134,0.0
1740592035,1.26885,1.2689599999999999,0.0,0,1740592035150,134,0.0
1740592035,1.26887,1.26898,0.0,0,1740592035209,134,0.0
1740592036,1.26889,1.2690000000000001,0.0,0,1740592036679,134,0.0
1740592037,1.2689,1.26901,0.0,0,1740592037278,134,0.0
1740592037,1.26887,1.26897,0.0,0,1740592037731,134,0.0
1740592037,1.26884,1.26895,0.0,0,1740592037859,134,0.0
1740592039,1.26885,1.26895,0.0,0,1740592039040,130,0.0
1740592039,1.26888,1.26899,0.0,0,1740592039353,134,0.0
1740592040,1.26889,1.2690000000000001,0.0,0,1740592040467,134,0.0
1740592041,1.2689,1.2690000000000001,0.0,0,1740592041356,130,0.0
1740592041,1.26892,1.26902,0.0,0,1740592041968,134,0.0
1740592042,1.2689300000000001,1.2690299999999999,0.0,0,1740592042263,134,0.0
1740592042,1.26895,1.26906,0.0,0,1740592042303,134,0.0
1740592042,1.26891,1.26902,0.0,0,1740592042317,134,0.0
1740592042,1.26888,1.26898,0.0,0,1740592042320,134,0.0
1740592042,1.26886,1.26897,0.0,0,1740592042332,134,0.0
1740592042,1.26884,1.26895,0.0,0,1740592042415,134,0.0
1740592043,1.26883,1.26894,0.0,0,1740592043688,134,0.0
1740592045,1.26885,1.2689599999999999,0.0,0,1740592045979,134,0.0
1740592045,1.26888,1.26899,0.0,0,1740592045985,134,0.0
1740592046,1.2689,1.2690000000000001,0.0,0,1740592046000,134,0.0
1740592046,1.26892,1.26902,0.0,0,1740592046025,134,0.0
1740592046,1.26894,1.26904,0.0,0,1740592046420,134,0.0
1740592046,1.2689,1.26901,0.0,0,1740592046769,134,0.0
1740592047,1.26894,1.26904,0.0,0,1740592047109,134,0.0
1740592048,1.26895,1.26906,0.0,0,1740592048206,134,0.0
1740592049,1.26898,1.26908,0.0,0,1740592049237,134,0.0
1740592049,1.26895,1.26905,0.0,0,1740592049767,134,0.0
1740592049,1.26892,1.26902,0.0,0,1740592049786,134,0.0
1740592050,1.2689,1.2690000000000001,0.0,0,1740592050114,134,0.0
1740592050,1.26888,1.26899,0.0,0,1740592050157,134,0.0
1740592050,1.26886,1.26897,0.0,0,1740592050430,134,0.0
1740592051,1.26885,1.2689599999999999,0.0,0,1740592051506,134,0.0
1740592055,1.26887,1.26898,0.0,0,1740592055030,134,0.0
1740592056,1.26888,1.26899,0.0,0,1740592056085,134,0.0
1740592058,1.26888,1.26898,0.0,0,1740592058575,4,0.0
1740592058,1.26891,1.26902,0.0,0,1740592058818,134,0.0
1740592058,1.26894,1.26905,0.0,0,1740592058849,134,0.0
1740592058,1.2689599999999999,1.26906,0.0,0,1740592058912,134,0.0
1740592060,1.26895,1.26905,0.0,0,1740592060974,134,0.0
1740592063,1.2689300000000001,1.26904,0.0,0,1740592063003,134,0.0
1740592064,1.26894,1.26905,0.0,0,1740592064018,134,0.0
1740592064,1.26891,1.26902,0.0,0,1740592064676,134,0.0
1740592064,1.2689,1.2690000000000001,0.0,0,1740592064698,134,0.0
1740592066,1.26889,1.2690000000000001,0.0,0,1740592066093,130,0.0
1740592067,1.2689,1.2690000000000001,0.0,0,1740592067978,130,0.0
1740592068,1.2689300000000001,1.26904,0.0,0,1740592068062,134,0.0
1740592068,1.26895,1.26906,0.0,0,1740592068083,134,0.0
1740592069,1.2689599999999999,1.26907,0.0,0,1740592069104,134,0.0
1740592070,1.2689599999999999,1.26906,0.0,0,1740592070213,4,0.0
1740592071,1.26894,1.26905,0.0,0,1740592071239,134,0.0
1740592072,1.26894,1.26904,0.0,0,1740592072322,4,0.0
1740592072,1.26897,1.26907,0.0,0,1740592072464,134,0.0
1740592072,1.26898,1.26909,0.0,0,1740592072478,134,0.0
1740592072,1.2690000000000001,1.26911,0.0,0,1740592072623,134,0.0
1740592073,1.26901,1.26911,0.0,0,1740592073715,130,0.0
1740592074,1.26898,1.26908,0.0,0,1740592074725,134,0.0
1740592074,1.2689599999999999,1.26906,0.0,0,1740592074867,134,0.0
1740592075,1.26894,1.26905,0.0,0,1740592075912,134,0.0
1740592076,1.26895,1.26905,0.0,0,1740592076930,130,0.0
1740592077,1.26897,1.26907,0.0,0,1740592077187,134,0.0
1740592077,1.26899,1.26909,0.0,0,1740592077369,134,0.0
1740592078,1.2690000000000001,1.26911,0.0,0,1740592078535,134,0.0
1740592079,1.26901,1.26911,0.0,0,1740592079671,130,0.0
1740592079,1.26902,1.26913,0.0,0,1740592079981,134,0.0
1740592080,1.26904,1.26914,0.0,0,1740592080040,134,0.0
1740592081,1.26904,1.26915,0.0,0,1740592081077,4,0.0
1740592082,1.26905,1.26915,0.0,0,1740592082339,130,0.0
1740592083,1.26904,1.26914,0.0,0,1740592083376,134,0.0
1740592083,1.26906,1.26917,0.0,0,1740592083441,134,0.0
1740592084,1.26906,1.26916,0.0,0,1740592084718,4,0.0
1740592085,1.26905,1.26916,0.0,0,1740592085737,130,0.0
1740592086,1.26904,1.26915,0.0,0,1740592086763,134,0.0
1740592087,1.26907,1.26917,0.0,0,1740592087382,134,0.0
1740592087,1.26909,1.26919,0.0,0,1740592087413,134,0.0
1740592088,1.26911,1.26922,0.0,0,1740592088329,134,0.0
1740592089,1.26912,1.26923,0.0,0,1740592089080,134,0.0
1740592089,1.26915,1.26925,0.0,0,1740592089154,134,0.0
1740592090,1.26915,1.26926,0.0,0,1740592090530,4,0.0
1740592091,1.26914,1.26925,0.0,0,1740592091532,134,0.0
1740592092,1.26914,1.26924,0.0,0,1740592092558,4,0.0
1740592093,1.26913,1.26924,0.0,0,1740592093630,130,0.0
1740592093,1.26916,1.2692700000000001,0.0,0,1740592093857,134,0.0
1740592094,1.26916,1.26926,0.0,0,1740592094902,4,0.0
1740592096,1.26915,1.26926,0.0,0,1740592096312,130,0.0
1740592097,1.26915,1.26925,0.0,0,1740592097362,4,0.0
1740592098,1.26918,1.26928,0.0,0,1740592098245,134,0.0
1740592098,1.26919,1.2692999999999999,0.0,0,1740592098498,134,0.0
1740592098,1.26916,1.26926,0.0,0,1740592098944,134,0.0
1740592099,1.26914,1.26924,0.0,0,1740592099972,134,0.0
1740592100,1.26913,1.26924,0.0,0,1740592100801,130,0.0
1740592102,1.26914,1.26925,0.0,0,1740592102116,134,0.0
1740592103,1.26918,1.26928,0.0,0,1740592103119,134,0.0
1740592103,1.26919,1.2692999999999999,0.0,0,1740592103180,134,0.0
1740592103,1.26921,1.26932,0.0,0,1740592103396,134,0.0
1740592103,1.26917,1.2692700000000001,0.0,0,1740592103740,134,0.0
1740592103,1.26914,1.26924,0.0,0,1740592103919,134,0.0
1740592105,1.26915,1.26925,0.0,0,1740592105592,134,0.0
1740592106,1.26914,1.26925,0.0,0,1740592106879,130,0.0
1740592109,1.26915,1.26925,0.0,0,1740592109168,130,0.0
1740592110,1.26915,1.26926,0.0,0,1740592110228,4,0.0
1740592111,1.26916,1.2692700000000001,0.0,0,1740592111299,134,0.0
1740592112,1.26916,1.26926,0.0,0,1740592112430,4,0.0
1740592115,1.26915,1.26926,0.0,0,1740592115631,130,0.0
1740592116,1.26913,1.26923,0.0,0,1740592116255,134,0.0
1740592116,1.2691,1.2692,0.0,0,1740592116268,134,0.0
1740592116,1.26908,1.26919,0.0,0,1740592116279,134,0.0
1740592116,1.26906,1.26917,0.0,0,1740592116322,134,0.0
1740592116,1.26904,1.26915,0.0,0,1740592116349,134,0.0
1740592116,1.2690299999999999,1.26913,0.0,0,1740592116537,134,0.0
1740592116,1.26901,1.26912,0.0,0,1740592116567,134,0.0
1740592116,1.26899,1.2691,0.0,0,1740592116584,134,0.0
1740592116,1.26898,1.26908,0.0,0,1740592116796,134,0.0
1740592117,1.26901,1.26912,0.0,0,1740592117690,134,0.0
1740592119,1.26902,1.26912,0.0,0,1740592119345,130,0.0
1740592120,1.26904,1.26915,0.0,0,1740592120245,134,0.0
1740592120,1.26906,1.26917,0.0,0,1740592120277,134,0.0
1740592120,1.26908,1.26918,0.0,0,1740592120282,134,0.0
1740592120,1.26909,1.2692,0.0,0,1740592120324,134,0.0
1740592120,1.26911,1.26922,0.0,0,1740592120345,134,0.0
1740592121,1.26912,1.26922,0.0,0,1740592121363,130,0.0
1740592122,1.2691,1.2692,0.0,0,1740592122472,134,0.0
1740592123,1.26909,1.2692,0.0,0,1740592123699,130,0.0
1740592124,1.2691,1.2692,0.0,0,1740592124701,130,0.0
1740592125,1.26909,1.2692,0.0,0,1740592125816,130,0.0
1740592126,1.26908,1.26919,0.0,0,1740592126886,134,0.0
1740592127,1.26905,1.26916,0.0,0,1740592127572,134,0.0
1740592128,1.26908,1.26918,0.0,0,1740592128853,134,0.0
1740592129,1.26907,1.26918,0.0,0,1740592129866,130,0.0
1740592130,1.2691,1.26921,0.0,0,1740592130902,134,0.0
1740592132,1.26909,1.2692,0.0,0,1740592132009,134,0.0
1740592133,1.2691,1.26921,0.0,0,1740592133009,134,0.0
1740592134,1.26911,1.26922,0.0,0,1740592134144,134,0.0
1740592135,1.26907,1.26918,0.0,0,1740592135215,134,0.0
1740592136,1.26907,1.26917,0.0,0,1740592136563,4,0.0
1740592137,1.26908,1.26919,0.0,0,1740592137616,134,0.0
1740592138,1.26909,1.26919,0.0,0,1740592138935,130,0.0
1740592140,1.2691,1.2692,0.0,0,1740592140126,134,0.0
1740592141,1.26911,1.26921,0.0,0,1740592141179,134,0.0
1740592141,1.26913,1.26923,0.0,0,1740592141737,134,0.0
1740592142,1.26915,1.26926,0.0,0,1740592142249,134,0.0
1740592143,1.26916,1.2692700000000001,0.0,0,1740592143429,134,0.0
1740592143,1.26912,1.26922,0.0,0,1740592143453,134,0.0
1740592143,1.26909,1.2692,0.0,0,1740592143503,134,0.0
1740592143,1.26907,1.26918,0.0,0,1740592143533,134,0.0
1740592143,1.26906,1.26916,0.0,0,1740592143899,134,0.0
1740592145,1.26907,1.26917,0.0,0,1740592145246,134,0.0
1740592146,1.26908,1.26918,0.0,0,1740592146530,134,0.0
1740592146,1.26904,1.26915,0.0,0,1740592146557,134,0.0
1740592146,1.26902,1.26913,0.0,0,1740592146577,134,0.0
1740592146,1.26901,1.26911,0.0,0,1740592146618,134,0.0
1740592147,1.2690000000000001,1.2691,0.0,0,1740592147629,134,0.0
1740592149,1.26899,1.2691,0.0,0,1740592149551,130,0.0
1740592151,1.2690000000000001,1.2691,0.0,0,1740592151847,130,0.0
1740592153,1.26901,1.26911,0.0,0,1740592153189,134,0.0
1740592154,1.2690000000000001,1.2691,0.0,0,1740592154250,134,0.0
1740592155,1.26898,1.26908,0.0,0,1740592155488,134,0.0
1740592156,1.26898,1.26909,0.0,0,1740592156848,4,0.0
1740592157,1.2689599999999999,1.26906,0.0,0,1740592157634,134,0.0
1740592157,1.26894,1.26904,0.0,0,1740592157947,134,0.0
1740592158,1.26892,1.2690299999999999,0.0,0,1740592158603,134,0.0
1740592159,1.26891,1.26902,0.0,0,1740592159695,134,0.0
1740592161,1.26892,1.26902,0.0,0,1740592161118,130,0.0
1740592161,1.2689,1.2690000000000001,0.0,0,1740592161507,134,0.0
1740592162,1.26892,1.2690299999999999,0.0,0,1740592162541,134,0.0
1740592164,1.26895,1.26906,0.0,0,1740592164277,134,0.0
1740592165,1.26897,1.26908,0.0,0,1740592165282,134,0.0
1740592166,1.26898,1.26908,0.0,0,1740592166287,130,0.0
1740592166,1.26899,1.2691,0.0,0,1740592166592,134,0.0
1740592166,1.2690000000000001,1.26911,0.0,0,1740592166638,134,0.0
1740592167,1.26901,1.26911,0.0,0,1740592167674,130,0.0
1740592168,1.2690000000000001,1.26911,0.0,0,1740592168767,130,0.0
1740592171,1.2690000000000001,1.2691,0.0,0,1740592171131,4,0.0
1740592172,1.2690000000000001,1.26911,0.0,0,1740592172172,4,0.0
1740592172,1.26898,1.26908,0.0,0,1740592172201,134,0.0
1740592172,1.26895,1.26905,0.0,0,1740592172250,134,0.0
1740592172,1.2689300000000001,1.26904,0.0,0,1740592172274,134,0.0
1740592172,1.26891,1.26902,0.0,0,1740592172285,134,0.0
1740592172,1.2689,1.2690000000000001,0.0,0,1740592172324,134,0.0
1740592172,1.26888,1.26899,0.0,0,1740592172960,134,0.0
1740592173,1.26886,1.26897,0.0,0,1740592173285,134,0.0
1740592173,1.26885,1.26895,0.0,0,1740592173306,134,0.0
1740592173,1.26883,1.26894,0.0,0,1740592173899,134,0.0
1740592173,1.26881,1.26892,0.0,0,1740592173995,134,0.0
1740592175,1.26881,1.26891,0.0,0,1740592175344,4,0.0
1740592175,1.26885,1.26895,0.0,0,1740592175561,134,0.0
1740592176,1.26885,1.2689599999999999,0.0,0,1740592176787,4,0.0
1740592176,1.26881,1.26892,0.0,0,1740592176961,134,0.0
1740592176,1.26879,1.2689,0.0,0,1740592176980,134,0.0
1740592177,1.26877,1.26888,0.0,0,1740592177001,134,0.0
1740592178,1.2687599999999999,1.26887,0.0,0,1740592178040,134,0.0
1740592179,1.26874,1.26885,0.0,0,1740592179745,134,0.0
1740592179,1.26872,1.26883,0.0,0,1740592179753,134,0.0
1740592181,1.2687300000000001,1.26884,0.0,0,1740592181844,134,0.0
1740592183,1.26874,1.26884,0.0,0,1740592183079,130,0.0
1740592184,1.26875,1.26886,0.0,0,1740592184450,134,0.0
1740592185,1.26877,1.26888,0.0,0,1740592185694,134,0.0
1740592187,1.2687599999999999,1.26887,0.0,0,1740592187064,134,0.0
1740592189,1.26875,1.26886,0.0,0,1740592189572,134,0.0
1740592194,1.26875,1.26885,0.0,0,1740592194587,4,0.0
1740592194,1.26872,1.26883,0.0,0,1740592194596,134,0.0
1740592195,1.26875,1.26885,0.0,0,1740592195654,134,0.0
1740592196,1.26875,1.26886,0.0,0,1740592196744,4,0.0
1740592197,1.26872,1.26882,0.0,0,1740592197372,134,0.0
1740592197,1.2687,1.2688,0.0,0,1740592197535,134,0.0
1740592197,1.26868,1.26878,0.0,0,1740592197877,134,0.0
1740592199,1.2687,1.2688,0.0,0,1740592199153,134,0.0
1740592200,1.2687,1.26881,0.0,0,1740592200161,134,0.0
1740592201,1.26871,1.26882,0.0,0,1740592201532,134,0.0
1740592201,1.26874,1.26885,0.0,0,1740592201593,134,0.0
1740592202,1.26875,1.26885,0.0,0,1740592202614,130,0.0
1740592203,1.26875,1.26886,0.0,0,1740592203617,4,0.0
1740592204,1.26875,1.26885,0.0,0,1740592204689,4,0.0
1740592206,1.26877,1.26887,0.0,0,1740592206441,134,0.0
1740592207,1.26878,1.26889,0.0,0,1740592207231,134,0.0
1740592207,1.2688,1.26891,0.0,0,1740592207274,134,0.0
1740592208,1.26879,1.2689,0.0,0,1740592208543,134,0.0
1740592209,1.26878,1.26889,0.0,0,1740592209923,134,0.0
1740592211,1.26879,1.26889,0.0,0,1740592211200,130,0.0
1740592211,1.2687599999999999,1.26886,0.0,0,1740592211415,134,0.0
1740592212,1.2688,1.26891,0.0,0,1740592212555,134,0.0
1740592212,1.26882,1.2689300000000001,0.0,0,1740592212797,134,0.0
1740592213,1.26878,1.26889,0.0,0,1740592213087,134,0.0
1740592213,1.26875,1.26886,0.0,0,1740592213544,134,0.0
1740592214,1.26874,1.26884,0.0,0,1740592214480,134,0.0
1740592214,1.26872,1.26883,0.0,0,1740592214497,134,0.0
1740592214,1.2687,1.26881,0.0,0,1740592214523,134,0.0
1740592215,1.2686899999999999,1.26879,0.0,0,1740592215048,134,0.0
1740592216,1.26867,1.26878,0.0,0,1740592216084,134,0.0
1740592216,1.2686600000000001,1.2687599999999999,0.0,0,1740592216102,134,0.0
1740592216,1.26864,1.26875,0.0,0,1740592216117,134,0.0
1740592216,1.26867,1.26878,0.0,0,1740592216573,134,0.0
1740592218,1.2686899999999999,1.2688,0.0,0,1740592218805,134,0.0
1740592219,1.2686899999999999,1.26879,0.0,0,1740592219881,4,0.0
1740592219,1.26871,1.26882,0.0,0,1740592219928,134,0.0
1740592220,1.2687300000000001,1.26884,0.0,0,1740592220586,134,0.0
1740592220,1.26875,1.26885,0.0,0,1740592220608,134,0.0
1740592220,1.26877,1.26887,0.0,0,1740592220639,134,0.0
1740592221,1.26878,1.26888,0.0,0,1740592221770,134,0.0
1740592222,1.2688,1.2689,0.0,0,1740592222294,134,0.0
1740592222,1.26881,1.26892,0.0,0,1740592222446,134,0.0
1740592222,1.26883,1.2689300000000001,0.0,0,1740592222476,134,0.0
1740592222,1.26885,1.26895,0.0,0,1740592222489,134,0.0
1740592222,1.26886,1.26897,0.0,0,1740592222635,134,0.0
1740592224,1.26885,1.2689599999999999,0.0,0,1740592224881,134,0.0
1740592225,1.26882,1.26892,0.0,0,1740592225393,134,0.0
1740592225,1.2688,1.2689,0.0,0,1740592225495,134,0.0
1740592227,1.26879,1.2689,0.0,0,1740592227018,130,0.0
1740592227,1.26878,1.26888,0.0,0,1740592227376,134,0.0
1740592228,1.26877,1.26888,0.0,0,1740592228404,130,0.0
1740592229,1.26878,1.26889,0.0,0,1740592229511,134,0.0
1740592230,1.26879,1.2689,0.0,0,1740592230537,134,0.0
1740592230,1.2687599999999999,1.26886,0.0,0,1740592230630,134,0.0
1740592231,1.2687599999999999,1.26887,0.0,0,1740592231867,4,0.0
1740592233,1.26877,1.26888,0.0,0,1740592233204,134,0.0
1740592234,1.26879,1.2689,0.0,0,1740592234305,134,0.0
1740592234,1.26881,1.26891,0.0,0,1740592234852,134,0.0
1740592234,1.26882,1.2689300000000001,0.0,0,1740592234915,134,0.0
1740592235,1.26884,1.26895,0.0,0,1740592235252,134,0.0
1740592235,1.26886,1.2689599999999999,0.0,0,1740592235357,134,0.0
1740592237,1.26886,1.26897,0.0,0,1740592237192,4,0.0
1740592239,1.26885,1.26895,0.0,0,1740592239322,134,0.0
1740592240,1.26884,1.26895,0.0,0,1740592240427,130,0.0
1740592240,1.26881,1.26892,0.0,0,1740592240516,134,0.0
1740592240,1.2688,1.26891,0.0,0,1740592240559,134,0.0
1740592240,1.26878,1.26889,0.0,0,1740592240665,134,0.0
1740592240,1.26877,1.26887,0.0,0,1740592240833,134,0.0
1740592241,1.26875,1.26886,0.0,0,1740592241166,134,0.0
1740592241,1.2687300000000001,1.26884,0.0,0,1740592241266,134,0.0
1740592241,1.26872,1.26882,0.0,0,1740592241293,134,0.0
1740592241,1.2687,1.26881,0.0,0,1740592241708,134,0.0
1740592242,1.26868,1.26879,0.0,0,1740592242457,134,0.0
1740592243,1.26868,1.26878,0.0,0,1740592243238,4,0.0
1740592246,1.26868,1.26879,0.0,0,1740592246794,4,0.0
1740592246,1.26872,1.26883,0.0,0,1740592246895,134,0.0
1740592247,1.26874,1.26885,0.0,0,1740592247423,134,0.0
1740592247,1.2687599999999999,1.26886,0.0,0,1740592247804,134,0.0
1740592248,1.26877,1.26888,0.0,0,1740592248814,134,0.0
1740592249,1.2687300000000001,1.26884,0.0,0,1740592249211,134,0.0
1740592249,1.2687,1.26881,0.0,0,1740592249253,134,0.0
1740592249,1.26868,1.26879,0.0,0,1740592249267,134,0.0
1740592249,1.26867,1.26877,0.0,0,1740592249360,134,0.0
1740592250,1.2686600000000001,1.26877,0.0,0,1740592250743,130,0.0
1740592251,1.26868,1.26879,0.0,0,1740592251781,134,0.0
1740592254,1.2687,1.26881,0.0,0,1740592254425,134,0.0
1740592255,1.2687,1.2688,0.0,0,1740592255693,4,0.0
1740592256,1.2686899999999999,1.2688,0.0,0,1740592256738,130,0.0
1740592256,1.26871,1.26882,0.0,0,1740592256888,134,0.0
1740592257,1.26874,1.26884,0.0,0,1740592257348,134,0.0
1740592258,1.2687300000000001,1.26884,0.0,0,1740592258409,130,0.0
1740592258,1.26875,1.26886,0.0,0,1740592258434,134,0.0
1740592258,1.26877,1.26888,0.0,0,1740592258496,134,0.0
1740592259,1.26879,1.26889,0.0,0,1740592259057,134,0.0
1740592259,1.2688,1.26891,0.0,0,1740592259095,134,0.0
1740592260,1.26881,1.26892,0.0,0,1740592260376,134,0.0
1740592260,1.26877,1.26888,0.0,0,1740592260673,134,0.0
1740592261,1.26874,1.26885,0.0,0,1740592261411,134,0.0
1740592261,1.2687300000000001,1.26883,0.0,0,1740592261733,134,0.0
1740592262,1.26874,1.26885,0.0,0,1740592262764,134,0.0
1740592263,1.26875,1.26885,0.0,0,1740592263843,130,0.0
1740592264,1.26879,1.26889,0.0,0,1740592264716,134,0.0
1740592265,1.26878,1.26888,0.0,0,1740592265726,134,0.0
1740592266,1.2687300000000001,1.26884,0.0,0,1740592266319,134,0.0
1740592267,1.26872,1.26883,0.0,0,1740592267478,134,0.0
1740592268,1.2687300000000001,1.26884,0.0,0,1740592268612,134,0.0
1740592268,1.26871,1.26881,0.0,0,1740592268748,134,0.0
1740592269,1.2686899999999999,1.26879,0.0,0,1740592269266,134,0.0
1740592269,1.26867,1.26878,0.0,0,1740592269361,134,0.0
1740592271,1.26868,1.26879,0.0,0,1740592271570,134,0.0
1740592271,1.26872,1.26883,0.0,0,1740592271588,134,0.0
1740592271,1.26874,1.26885,0.0,0,1740592271592,134,0.0
1740592271,1.2687599999999999,1.26886,0.0,0,1740592271611,134,0.0
1740592271,1.26877,1.26888,0.0,0,1740592271837,134,0.0
1740592272,1.26879,1.2689,0.0,0,1740592272142,134,0.0
1740592273,1.2688,1.26891,0.0,0,1740592273149,134,0.0
1740592275,1.26881,1.26891,0.0,0,1740592275104,130,0.0
1740592276,1.2687599999999999,1.26887,0.0,0,1740592276052,134,0.0
1740592276,1.2687300000000001,1.26884,0.0,0,1740592276071,134,0.0
1740592277,1.26874,1.26885,0.0,0,1740592277564,134,0.0
1740592278,1.26875,1.26886,0.0,0,1740592278579,134,0.0
1740592280,1.2687300000000001,1.26884,0.0,0,1740592280155,134,0.0
1740592280,1.26871,1.26882,0.0,0,1740592280173,134,0.0
1740592280,1.2687,1.2688,0.0,0,1740592280232,134,0.0
1740592280,1.26874,1.26884,0.0,0,1740592280380,134,0.0
1740592280,1.26877,1.26887,0.0,0,1740592280460,134,0.0
1740592281,1.26878,1.26889,0.0,0,1740592281440,134,0.0
1740592281,1.26874,1.26885,0.0,0,1740592281764,134,0.0
1740592281,1.26871,1.26882,0.0,0,1740592281780,134,0.0
1740592281,1.2687,1.2688,0.0,0,1740592281792,134,0.0
1740592281,1.26868,1.26878,0.0,0,1740592281804,134,0.0
1740592281,1.2686600000000001,1.26877,0.0,0,1740592281865,134,0.0
1740592282,1.26865,1.2687599999999999,0.0,0,1740592282999,134,0.0
1740592285,1.26867,1.26878,0.0,0,1740592285366,134,0.0
1740592286,1.26868,1.26879,0.0,0,1740592286461,134,0.0
1740592287,1.26867,1.26877,0.0,0,1740592287444,134,0.0
1740592288,1.2686600000000001,1.2687599999999999,0.0,0,1740592288568,134,0.0
1740592289,1.2686600000000001,1.26877,0.0,0,1740592289573,4,0.0
1740592292,1.2686600000000001,1.2687599999999999,0.0,0,1740592292224,4,0.0
1740592292,1.26868,1.26879,0.0,0,1740592292587,134,0.0
1740592292,1.26867,1.26877,0.0,0,1740592292667,134,0.0
1740592292,1.26864,1.26874,0.0,0,1740592292686,134,0.0
1740592292,1.26861,1.26872,0.0,0,1740592292728,134,0.0
1740592292,1.2686,1.2687,0.0,0,1740592292729,134,0.0
1740592292,1.26863,1.26874,0.0,0,1740592292841,134,0.0
1740592293,1.2686600000000001,1.26877,0.0,0,1740592293012,134,0.0
1740592294,1.26867,1.26877,0.0,0,1740592294094,130,0.0
1740592294,1.26862,1.2687300000000001,0.0,0,1740592294271,134,0.0
1740592295,1.26863,1.26874,0.0,0,1740592295276,134,0.0
1740592295,1.26865,1.26875,0.0,0,1740592295311,134,0.0
1740592297,1.2686600000000001,1.2687599999999999,0.0,0,1740592297052,134,0.0
1740592298,1.26867,1.26878,0.0,0,1740592298290,134,0.0
1740592298,1.26864,1.26875,0.0,0,1740592298884,134,0.0
1740592298,1.26861,1.26872,0.0,0,1740592298902,134,0.0
1740592298,1.2686,1.2687,0.0,0,1740592298965,134,0.0
1740592300,1.26859,1.2687,0.0,0,1740592300154,130,0.0
1740592300,1.26857,1.26867,0.0,0,1740592300623,134,0.0
1740592300,1.26855,1.2686600000000001,0.0,0,1740592300733,134,0.0
1740592301,1.26853,1.26864,0.0,0,1740592301517,134,0.0
1740592302,1.26854,1.26864,0.0,0,1740592302574,130,0.0
1740592303,1.26855,1.2686600000000001,0.0,0,1740592303512,134,0.0
1740592304,1.26859,1.2686899999999999,0.0,0,1740592304357,134,0.0
1740592305,1.26861,1.26871,0.0,0,1740592305030,134,0.0
1740592305,1.26859,1.2687,0.0,0,1740592305411,134,0.0
1740592306,1.2686,1.26871,0.0,0,1740592306481,134,0.0
1740592307,1.26857,1.26868,0.0,0,1740592307330,134,0.0
1740592308,1.2686,1.26871,0.0,0,1740592308719,134,0.0
1740592310,1.26862,1.2687300000000001,0.0,0,1740592310224,134,0.0
1740592310,1.26864,1.26875,0.0,0,1740592310281,134,0.0
1740592311,1.26862,1.2687300000000001,0.0,0,1740592311353,134,0.0
1740592311,1.26859,1.2687,0.0,0,1740592311389,134,0.0
1740592311,1.26857,1.26868,0.0,0,1740592311642,134,0.0
1740592312,1.26856,1.26867,0.0,0,1740592312038,134,0.0
1740592313,1.26857,1.26867,0.0,0,1740592313053,130,0.0
1740592314,1.26857,1.26868,0.0,0,1740592314155,4,0.0
1740592315,1.26858,1.26868,0.0,0,1740592315263,130,0.0
1740592316,1.26859,1.2686899999999999,0.0,0,1740592316796,134,0.0
1740592318,1.26858,1.2686899999999999,0.0,0,1740592318882,130,0.0
1740592320,1.26858,1.2686899999999999,0.0,0,1740592320170,130,0.0
1740592320,1.26856,1.2686600000000001,0.0,0,1740592320240,134,0.0
1740592320,1.26853,1.26864,0.0,0,1740592320469,134,0.0
1740592320,1.26852,1.26862,0.0,0,1740592320492,134,0.0
1740592320,1.26849,1.26859,0.0,0,1740592320519,134,0.0
1740592321,1.26851,1.26861,0.0,0,1740592321594,134,0.0
1740592321,1.26854,1.26864,0.0,0,1740592321619,134,0.0
1740592323,1.26856,1.26867,0.0,0,1740592323068,134,0.0
1740592323,1.26853,1.26863,0.0,0,1740592323599,134,0.0
1740592323,1.26851,1.26861,0.0,0,1740592323607,134,0.0
1740592323,1.26849,1.2686,0.0,0,1740592323627,134,0.0
1740592324,1.26847,1.26858,0.0,0,1740592324664,134,0.0
1740592326,1.2685,1.2686,0.0,0,1740592326805,134,0.0
1740592327,1.26849,1.26859,0.0,0,1740592327881,134,0.0
1740592328,1.26849,1.2686,0.0,0,1740592328913,4,0.0
1740592330,1.26848,1.26859,0.0,0,1740592330256,134,0.0
1740592331,1.26846,1.26856,0.0,0,1740592331766,134,0.0
1740592331,1.26844,1.26854,0.0,0,1740592331892,134,0.0
1740592332,1.2684199999999999,1.26853,0.0,0,1740592332786,134,0.0
1740592332,1.26841,1.26851,0.0,0,1740592332809,134,0.0
1740592332,1.2683900000000001,1.2685,0.0,0,1740592332962,134,0.0
1740592333,1.26836,1.26847,0.0,0,1740592333378,134,0.0
1740592333,1.2683499999999999,1.26845,0.0,0,1740592333410,134,0.0
1740592333,1.26833,1.26844,0.0,0,1740592333432,134,0.0
1740592333,1.26831,1.2684199999999999,0.0,0,1740592333456,134,0.0
1740592333,1.2683,1.2684,0.0,0,1740592333511,134,0.0
1740592333,1.26828,1.2683900000000001,0.0,0,1740592333524,134,0.0
1740592333,1.26826,1.26837,0.0,0,1740592333543,134,0.0
1740592333,1.26825,1.2683499999999999,0.0,0,1740592333680,134,0.0
1740592333,1.26823,1.26833,0.0,0,1740592333689,134,0.0
1740592333,1.26821,1.2683200000000001,0.0,0,1740592333708,134,0.0
1740592333,1.2682,1.2683,0.0,0,1740592333720,134,0.0
1740592333,1.26818,1.26829,0.0,0,1740592333841,134,0.0
1740592333,1.26816,1.26827,0.0,0,1740592333877,134,0.0
1740592333,1.2681499999999999,1.26825,0.0,0,1740592333922,134,0.0
1740592334,1.26818,1.26829,0.0,0,1740592334136,134,0.0
1740592334,1.26822,1.2683200000000001,0.0,0,1740592334172,134,0.0
1740592334,1.26824,1.26834,0.0,0,1740592334189,134,0.0
1740592334,1.26825,1.26836,0.0,0,1740592334235,134,0.0
1740592334,1.26827,1.26838,0.0,0,1740592334413,134,0.0
1740592334,1.26829,1.2683900000000001,0.0,0,1740592334679,134,0.0
1740592334,1.2683,1.26841,0.0,0,1740592334830,134,0.0
1740592335,1.2683200000000001,1.26843,0.0,0,1740592335024,134,0.0
1740592337,1.2683,1.2684,0.0,0,1740592337090,134,0.0
1740592337,1.26827,1.26837,0.0,0,1740592337121,134,0.0
1740592337,1.26825,1.2683499999999999,0.0,0,1740592337172,134,0.0
1740592337,1.26823,1.26834,0.0,0,1740592337906,134,0.0
1740592338,1.26827,1.26837,0.0,0,1740592338270,134,0.0
1740592338,1.26829,1.2684,0.0,0,1740592338341,134,0.0
1740592338,1.26831,1.2684199999999999,0.0,0,1740592338444,134,0.0
1740592339,1.26831,1.26841,0.0,0,1740592339661,4,0.0
1740592340,1.2683200000000001,1.2684199999999999,0.0,0,1740592340665,134,0.0
1740592341,1.26828,1.2683900000000001,0.0,0,1740592341119,134,0.0
1740592342,1.26826,1.26837,0.0,0,1740592342114,134,0.0
1740592342,1.26824,1.2683499999999999,0.0,0,1740592342148,134,0.0
1740592344,1.26827,1.26838,0.0,0,1740592344127,134,0.0
1740592344,1.26829,1.2684,0.0,0,1740592344206,134,0.0
1740592344,1.26831,1.2684199999999999,0.0,0,1740592344298,134,0.0
1740592344,1.26829,1.2684,0.0,0,1740592344865,134,0.0
1740592344,1.26827,1.26837,0.0,0,1740592344871,134,0.0
1740592344,1.26824,1.26834,0.0,0,1740592344897,134,0.0
1740592344,1.26822,1.26833,0.0,0,1740592344930,134,0.0
1740592345,1.26821,1.26831,0.0,0,1740592345217,134,0.0
1740592345,1.26819,1.26829,0.0,0,1740592345242,134,0.0
1740592345,1.26817,1.26828,0.0,0,1740592345390,134,0.0
1740592346,1.26816,1.26826,0.0,0,1740592346486,134,0.0
1740592347,1.2681200000000001,1.26823,0.0,0,1740592347202,134,0.0
1740592347,1.26811,1.26821,0.0,0,1740592347232,134,0.0
1740592347,1.26814,1.26824,0.0,0,1740592347740,134,0.0
1740592347,1.26817,1.26828,0.0,0,1740592347842,134,0.0
1740592348,1.26818,1.26828,0.0,0,1740592348854,130,0.0
1740592349,1.26817,1.26828,0.0,0,1740592349908,130,0.0
1740592350,1.26819,1.2683,0.0,0,1740592350502,134,0.0
1740592350,1.26814,1.26825,0.0,0,1740592350671,134,0.0
1740592350,1.2681200000000001,1.26822,0.0,0,1740592350689,134,0.0
1740592351,1.26813,1.26824,0.0,0,1740592351783,134,0.0
1740592352,1.26811,1.26821,0.0,0,1740592352124,134,0.0
1740592352,1.26809,1.26819,0.0,0,1740592352332,134,0.0
1740592353,1.26807,1.26818,0.0,0,1740592353702,134,0.0
1740592354,1.2681,1.26821,0.0,0,1740592354346,134,0.0
1740592355,1.26807,1.26817,0.0,0,1740592355298,134,0.0
1740592356,1.2680500000000001,1.26816,0.0,0,1740592356228,134,0.0
1740592357,1.26804,1.26814,0.0,0,1740592357370,134,0.0
1740592357,1.26802,1.2681200000000001,0.0,0,1740592357618,134,0.0
1740592358,1.2680500000000001,1.26816,0.0,0,1740592358017,134,0.0
1740592358,1.26803,1.26813,0.0,0,1740592358831,134,0.0
1740592358,1.26801,1.26811,0.0,0,1740592358949,134,0.0
1740592359,1.26798,1.26809,0.0,0,1740592359131,134,0.0
1740592359,1.26796,1.26806,0.0,0,1740592359210,134,0.0
1740592359,1.26797,1.26807,0.0,0,1740592359876,134,0.0
1740592359,1.268,1.2681,0.0,0,1740592359878,134,0.0
1740592359,1.26803,1.26814,0.0,0,1740592359935,134,0.0
1740592360,1.2680500000000001,1.2681499999999999,0.0,0,1740592360242,134,0.0
1740592360,1.26802,1.26813,0.0,0,1740592360287,134,0.0
1740592360,1.26799,1.26809,0.0,0,1740592360404,134,0.0
1740592360,1.26797,1.2680799999999999,0.0,0,1740592360424,134,0.0
1740592360,1.26795,1.26806,0.0,0,1740592360444,134,0.0
1740592360,1.26794,1.26804,0.0,0,1740592360495,134,0.0
1740592361,1.26793,1.26804,0.0,0,1740592361538,130,0.0
1740592362,1.26794,1.26804,0.0,0,1740592362991,130,0.0
1740592363,1.26792,1.26803,0.0,0,1740592363568,134,0.0
1740592364,1.26795,1.2680500000000001,0.0,0,1740592364375,134,0.0
1740592365,1.26792,1.26803,0.0,0,1740592365405,134,0.0
1740592366,1.2679,1.26801,0.0,0,1740592366324,134,0.0
1740592366,1.26789,1.268,0.0,0,1740592366346,134,0.0
1740592367,1.26786,1.26797,0.0,0,1740592367210,134,0.0
1740592367,1.26784,1.26795,0.0,0,1740592367243,134,0.0
1740592367,1.26783,1.26793,0.0,0,1740592367268,134,0.0
1740592367,1.2678099999999999,1.26792,0.0,0,1740592367889,134,0.0
1740592367,1.26779,1.2679,0.0,0,1740592367939,134,0.0
1740592368,1.2677800000000001,1.26788,0.0,0,1740592368115,134,0.0
1740592369,1.26777,1.26788,0.0,0,1740592369127,130,0.0
1740592369,1.26775,1.26786,0.0,0,1740592369962,134,0.0
1740592370,1.2677399999999999,1.26784,0.0,0,1740592370972,134,0.0
1740592371,1.26773,1.26784,0.0,0,1740592371606,130,0.0
1740592371,1.26776,1.26787,0.0,0,1740592371751,134,0.0
1740592372,1.26779,1.2679,0.0,0,1740592372322,134,0.0
1740592372,1.2678099999999999,1.26791,0.0,0,1740592372325,134,0.0
1740592372,1.26782,1.26793,0.0,0,1740592372354,134,0.0
1740592372,1.26784,1.26795,0.0,0,1740592372387,134,0.0
1740592372,1.26786,1.26796,0.0,0,1740592372699,134,0.0
1740592372,1.26787,1.26798,0.0,0,1740592372822,134,0.0
1740592372,1.26789,1.268,0.0,0,1740592372902,134,0.0
1740592373,1.26791,1.26801,0.0,0,1740592373086,134,0.0
1740592373,1.26792,1.26802,0.0,0,1740592373803,134,0.0
1740592374,1.26789,1.268,0.0,0,1740592374741,134,0.0
1740592374,1.26785,1.26796,0.0,0,1740592374797,134,0.0
1740592375,1.26784,1.26794,0.0,0,1740592375030,134,0.0
1740592375,1.26783,1.26794,0.0,0,1740592375560,130,0.0
1740592376,1.26786,1.26797,0.0,0,1740592376220,134,0.0
1740592376,1.2679,1.268,0.0,0,1740592376263,134,0.0
1740592377,1.26791,1.26802,0.0,0,1740592377011,134,0.0
1740592378,1.2679,1.26801,0.0,0,1740592378212,134,0.0
1740592379,1.26789,1.268,0.0,0,1740592379355,134,0.0
1740592380,1.26787,1.26798,0.0,0,1740592380371,134,0.0
1740592381,1.26788,1.26798,0.0,0,1740592381764,130,0.0
1740592382,1.26791,1.26802,0.0,0,1740592382232,134,0.0
1740592382,1.26793,1.26804,0.0,0,1740592382414,134,0.0
1740592382,1.26796,1.26806,0.0,0,1740592382977,134,0.0
1740592384,1.26795,1.2680500000000001,0.0,0,1740592384016,134,0.0
1740592385,1.26795,1.26806,0.0,0,1740592385033,4,0.0
1740592385,1.26797,1.26807,0.0,0,1740592385845,134,0.0
1740592387,1.26795,1.2680500000000001,0.0,0,1740592387078,134,0.0
1740592388,1.26793,1.26803,0.0,0,1740592388146,134,0.0
1740592389,1.26793,1.26804,0.0,0,1740592389377,4,0.0
1740592390,1.26794,1.2680500000000001,0.0,0,1740592390432,134,0.0
1740592391,1.26793,1.26804,0.0,0,1740592391442,134,0.0
1740592394,1.26794,1.2680500000000001,0.0,0,1740592394149,134,0.0
1740592394,1.26797,1.2680799999999999,0.0,0,1740592394395,134,0.0
1740592395,1.26795,1.26806,0.0,0,1740592395818,134,0.0
1740592396,1.26794,1.26804,0.0,0,1740592396857,134,0.0
1740592397,1.26791,1.26802,0.0,0,1740592397636,134,0.0
1740592398,1.26795,1.2680500000000001,0.0,0,1740592398114,134,0.0
1740592398,1.26797,1.2680799999999999,0.0,0,1740592398971,134,0.0
1740592399,1.268,1.26811,0.0,0,1740592399073,134,0.0
1740592400,1.268,1.2681,0.0,0,1740592400212,4,0.0
1740592401,1.26799,1.26809,0.0,0,1740592401218,134,0.0
1740592401,1.26802,1.2681200000000001,0.0,0,1740592401736,134,0.0
1740592402,1.26803,1.26814,0.0,0,1740592402358,134,0.0
1740592402,1.2680500000000001,1.2681499999999999,0.0,0,1740592402644,134,0.0
1740592403,1.26802,1.26813,0.0,0,1740592403075,134,0.0
1740592403,1.26801,1.26811,0.0,0,1740592403088,134,0.0
1740592403,1.26799,1.26809,0.0,0,1740592403111,134,0.0
1740592403,1.26797,1.26807,0.0,0,1740592403204,134,0.0
1740592404,1.26796,1.26807,0.0,0,1740592404246,130,0.0
1740592405,1.26798,1.2680799999999999,0.0,0,1740592405300,134,0.0
1740592407,1.26795,1.26806,0.0,0,1740592407502,134,0.0
1740592409,1.268,1.26811,0.0,0,1740592409241,134,0.0
1740592410,1.26799,1.2681,0.0,0,1740592410417,134,0.0
1740592411,1.26802,1.26813,0.0,0,1740592411179,134,0.0
1740592412,1.26803,1.26814,0.0,0,1740592412179,134,0.0
1740592413,1.26804,1.26814,0.0,0,1740592413218,130,0.0
1740592413,1.26806,1.26816,0.0,0,1740592413257,134,0.0
1740592415,1.2680500000000001,1.26816,0.0,0,1740592415358,130,0.0
1740592416,1.26807,1.26818,0.0,0,1740592416329,134,0.0
1740592416,1.2681,1.26821,0.0,0,1740592416480,134,0.0
1740592416,1.2681200000000001,1.26823,0.0,0,1740592416668,134,0.0
1740592416,1.2680799999999999,1.26819,0.0,0,1740592416957,134,0.0
1740592418,1.26811,1.26822,0.0,0,1740592418150,134,0.0
1740592419,1.2681,1.26821,0.0,0,1740592419250,134,0.0
1740592419,1.26813,1.26824,0.0,0,1740592419733,134,0.0
1740592419,1.2680799999999999,1.26819,0.0,0,1740592419758,134,0.0
1740592420,1.2681200000000001,1.26822,0.0,0,1740592420992,134,0.0
1740592421,1.26814,1.26825,0.0,0,1740592421220,134,0.0
1740592421,1.26816,1.26826,0.0,0,1740592421393,134,0.0
1740592423,1.2681499999999999,1.26826,0.0,0,1740592423840,130,0.0
1740592424,1.2681499999999999,1.26825,0.0,0,1740592424876,4,0.0
1740592425,1.2681200000000001,1.26823,0.0,0,1740592425295,134,0.0
1740592425,1.2681,1.2682,0.0,0,1740592425390,134,0.0
1740592425,1.2680799999999999,1.26819,0.0,0,1740592425663,134,0.0
1740592425,1.26806,1.26817,0.0,0,1740592425786,134,0.0
1740592427,1.2680500000000001,1.26816,0.0,0,1740592427188,134,0.0
1740592428,1.26807,1.26818,0.0,0,1740592428705,134,0.0
1740592433,1.2680799999999999,1.26819,0.0,0,1740592433050,134,0.0
1740592433,1.26804,1.2681499999999999,0.0,0,1740592433669,134,0.0
1740592433,1.26809,1.26819,0.0,0,1740592433829,134,0.0
1740592434,1.2681,1.2682,0.0,0,1740592434865,134,0.0
1740592435,1.2680799999999999,1.26819,0.0,0,1740592435878,134,0.0
1740592438,1.26809,1.26819,0.0,0,1740592438334,130,0.0
1740592439,1.2681200000000001,1.26822,0.0,0,1740592439878,134,0.0
1740592439,1.26814,1.26824,0.0,0,1740592439908,134,0.0
1740592439,1.2681499999999999,1.26826,0.0,0,1740592439986,134,0.0
1740592441,1.26816,1.26827,0.0,0,1740592441054,134,0.0
1740592441,1.26813,1.26823,0.0,0,1740592441478,134,0.0
1740592441,1.26809,1.2682,0.0,0,1740592441540,134,0.0
1740592441,1.26814,1.26824,0.0,0,1740592441854,134,0.0
1740592442,1.26816,1.26826,0.0,0,1740592442755,134,0.0
1740592443,1.26811,1.26822,0.0,0,1740592443538,134,0.0
1740592443,1.2680799999999999,1.26819,0.0,0,1740592443575,134,0.0
1740592443,1.26807,1.26817,0.0,0,1740592443628,134,0.0
1740592443,1.2680500000000001,1.2681499999999999,0.0,0,1740592443682,134,0.0
1740592444,1.26802,1.26813,0.0,0,1740592444799,134,0.0
1740592445,1.26807,1.26817,0.0,0,1740592445617,134,0.0
1740592447,1.2681,1.2682,0.0,0,1740592447055,134,0.0
1740592448,1.26809,1.2682,0.0,0,1740592448149,130,0.0
1740592448,1.2680500000000001,1.26816,0.0,0,1740592448723,134,0.0
1740592448,1.26803,1.26814,0.0,0,1740592448787,134,0.0
1740592451,1.2680500000000001,1.26816,0.0,0,1740592451105,134,0.0
1740592451,1.26802,1.26813,0.0,0,1740592451562,134,0.0
1740592452,1.268,1.26811,0.0,0,1740592452388,134,0.0
1740592453,1.268,1.2681,0.0,0,1740592453791,4,0.0
1740592454,1.2680500000000001,1.2681499999999999,0.0,0,1740592454725,134,0.0
1740592455,1.26807,1.26817,0.0,0,1740592455891,134,0.0
1740592457,1.26806,1.26817,0.0,0,1740592457135,130,0.0
1740592457,1.26802,1.26813,0.0,0,1740592457169,134,0.0
1740592458,1.268,1.26811,0.0,0,1740592458209,134,0.0
1740592458,1.2680500000000001,1.26816,0.0,0,1740592458677,134,0.0
1740592458,1.26801,1.26811,0.0,0,1740592458967,134,0.0
1740592460,1.26802,1.2681200000000001,0.0,0,1740592460279,134,0.0
1740592461,1.26803,1.26814,0.0,0,1740592461305,134,0.0
1740592461,1.26799,1.2681,0.0,0,1740592461785,134,0.0
1740592463,1.26801,1.2681200000000001,0.0,0,1740592463178,134,0.0
1740592464,1.26802,1.2681200000000001,0.0,0,1740592464195,130,0.0
1740592465,1.26802,1.26813,0.0,0,1740592465397,4,0.0
1740592466,1.26802,1.2681200000000001,0.0,0,1740592466528,4,0.0
1740592467,1.26804,1.2681499999999999,0.0,0,1740592467260,134,0.0
1740592467,1.26806,1.26817,0.0,0,1740592467443,134,0.0
1740592467,1.26802,1.26813,0.0,0,1740592467972,134,0.0
1740592467,1.26799,1.2681,0.0,0,1740592467988,134,0.0
1740592468,1.26799,1.26809,0.0,0,1740592468797,4,0.0
1740592470,1.26798,1.26809,0.0,0,1740592470843,130,0.0
1740592471,1.26799,1.2681,0.0,0,1740592471931,134,0.0
1740592472,1.26802,1.26813,0.0,0,1740592472176,134,0.0
1740592472,1.26804,1.2681499999999999,0.0,0,1740592472213,134,0.0
1740592473,1.2680500000000001,1.26816,0.0,0,1740592473248,134,0.0
1740592473,1.26807,1.26817,0.0,0,1740592473421,134,0.0
1740592474,1.2680799999999999,1.26819,0.0,0,1740592474134,134,0.0
1740592475,1.26809,1.2682,0.0,0,1740592475135,134,0.0
1740592475,1.26807,1.26817,0.0,0,1740592475152,134,0.0
1740592475,1.26804,1.2681499999999999,0.0,0,1740592475238,134,0.0
1740592475,1.26809,1.26819,0.0,0,1740592475453,134,0.0
1740592475,1.26811,1.26821,0.0,0,1740592475494,134,0.0
1740592476,1.2681200000000001,1.26823,0.0,0,1740592476233,134,0.0
1740592477,1.26813,1.26823,0.0,0,1740592477245,130,0.0
1740592477,1.26814,1.26825,0.0,0,1740592477402,134,0.0
1740592478,1.2681,1.26821,0.0,0,1740592478229,134,0.0
1740592478,1.26813,1.26824,0.0,0,1740592478319,134,0.0
1740592478,1.26809,1.2682,0.0,0,1740592478880,134,0.0
1740592479,1.26811,1.26822,0.0,0,1740592479284,134,0.0
1740592479,1.26814,1.26824,0.0,0,1740592479308,134,0.0
1740592479,1.2681499999999999,1.26826,0.0,0,1740592479601,134,0.0
1740592481,1.26816,1.26826,0.0,0,1740592481238,130,0.0
1740592482,1.26814,1.26824,0.0,0,1740592482239,134,0.0
1740592483,1.26811,1.26821,0.0,0,1740592483211,134,0.0
1740592485,1.26809,1.26819,0.0,0,1740592485198,134,0.0
1740592485,1.2681200000000001,1.26823,0.0,0,1740592485402,134,0.0
1740592485,1.2681499999999999,1.26826,0.0,0,1740592485496,134,0.0
1740592485,1.26811,1.26821,0.0,0,1740592485703,134,0.0
1740592486,1.26809,1.26819,0.0,0,1740592486885,134,0.0
1740592486,1.26814,1.26824,0.0,0,1740592486949,134,0.0
1740592488,1.26814,1.26825,0.0,0,1740592488881,4,0.0
1740592490,1.2681499999999999,1.26826,0.0,0,1740592490581,134,0.0
1740592492,1.2681499999999999,1.26825,0.0,0,1740592492800,4,0.0
1740592494,1.26814,1.26825,0.0,0,1740592494386,130,0.0
1740592495,1.26817,1.26827,0.0,0,1740592495346,134,0.0
1740592496,1.26817,1.26828,0.0,0,1740592496461,4,0.0
1740592497,1.26818,1.26828,0.0,0,1740592497185,130,0.0
1740592498,1.26817,1.26828,0.0,0,1740592498289,130,0.0
1740592499,1.26816,1.26827,0.0,0,1740592499580,134,0.0
1740592500,1.26818,1.26829,0.0,0,1740592500229,134,0.0
1740592501,1.26817,1.26828,0.0,0,1740592501290,134,0.0
1740592501,1.26819,1.2683,0.0,0,1740592501592,134,0.0
1740592502,1.2682,1.2683,0.0,0,1740592502600,130,0.0
1740592503,1.26819,1.26829,0.0,0,1740592503620,134,0.0
1740592504,1.26819,1.2683,0.0,0,1740592504924,4,0.0
1740592510,1.26816,1.26826,0.0,0,1740592510435,134,0.0
1740592510,1.26814,1.26825,0.0,0,1740592510465,134,0.0
1740592511,1.2681200000000001,1.26823,0.0,0,1740592511001,134,0.0
1740592511,1.26809,1.2682,0.0,0,1740592511044,134,0.0
1740592511,1.2680799999999999,1.26818,0.0,0,1740592511565,134,0.0
1740592512,1.26806,1.26817,0.0,0,1740592512123,134,0.0
1740592512,1.26804,1.2681499999999999,0.0,0,1740592512177,134,0.0
1740592512,1.26803,1.26813,0.0,0,1740592512709,134,0.0
1740592512,1.26801,1.26811,0.0,0,1740592512759,134,0.0
1740592512,1.26799,1.2681,0.0,0,1740592512815,134,0.0
1740592513,1.26801,1.26811,0.0,0,1740592513828,134,0.0
1740592513,1.26804,1.26814,0.0,0,1740592513877,134,0.0
1740592513,1.26806,1.26817,0.0,0,1740592513926,134,0.0
1740592514,1.26802,1.26813,0.0,0,1740592514335,134,0.0
1740592515,1.26801,1.2681200000000001,0.0,0,1740592515371,134,0.0
1740592516,1.26803,1.26814,0.0,0,1740592516373,134,0.0
1740592516,1.26806,1.26817,0.0,0,1740592516813,134,0.0
1740592516,1.2680799999999999,1.26819,0.0,0,1740592516870,134,0.0
1740592516,1.2681,1.2682,0.0,0,1740592516883,134,0.0
1740592516,1.26811,1.26822,0.0,0,1740592516903,134,0.0
1740592516,1.26813,1.26824,0.0,0,1740592516933,134,0.0
1740592517,1.2681499999999999,1.26825,0.0,0,1740592517050,134,0.0
1740592517,1.26813,1.26824,0.0,0,1740592517447,134,0.0
1740592517,1.26811,1.26821,0.0,0,1740592517524,134,0.0
1740592517,1.2681200000000001,1.26823,0.0,0,1740592517598,134,0.0
1740592519,1.2681499999999999,1.26825,0.0,0,1740592519641,134,0.0
1740592519,1.26817,1.26827,0.0,0,1740592519753,134,0.0
1740592519,1.26814,1.26824,0.0,0,1740592519817,134,0.0
1740592520,1.2681200000000001,1.26823,0.0,0,1740592520406,134,0.0
1740592521,1.26811,1.26821,0.0,0,1740592521409,134,0.0
1740592521,1.26809,1.2682,0.0,0,1740592521919,134,0.0
1740592522,1.2681,1.26821,0.0,0,1740592522963,134,0.0
1740592524,1.26811,1.26821,0.0,0,1740592524164,130,0.0
1740592525,1.2681200000000001,1.26822,0.0,0,1740592525178,134,0.0
1740592526,1.2681,1.2682,0.0,0,1740592526857,134,0.0
1740592527,1.2681200000000001,1.26823,0.0,0,1740592527910,134,0.0
1740592528,1.2681499999999999,1.26825,0.0,0,1740592528058,134,0.0
1740592528,1.26817,1.26828,0.0,0,1740592528119,134,0.0
1740592528,1.26819,1.2683,0.0,0,1740592528263,134,0.0
1740592528,1.26821,1.2683200000000001,0.0,0,1740592528290,134,0.0
1740592529,1.26819,1.2683,0.0,0,1740592529446,134,0.0
1740592532,1.26819,1.26829,0.0,0,1740592532269,4,0.0
1740592533,1.26819,1.2683,0.0,0,1740592533357,4,0.0
1740592536,1.26819,1.26829,0.0,0,1740592536911,4,0.0
1740592537,1.26818,1.26829,0.0,0,1740592537921,130,0.0
1740592538,1.26821,1.2683200000000001,0.0,0,1740592538540,134,0.0
1740592538,1.26823,1.26834,0.0,0,1740592538571,134,0.0
1740592539,1.26819,1.26829,0.0,0,1740592539028,134,0.0
1740592540,1.26823,1.26833,0.0,0,1740592540765,134,0.0
1740592541,1.26825,1.2683499999999999,0.0,0,1740592541005,134,0.0
1740592542,1.26825,1.26836,0.0,0,1740592542481,4,0.0
1740592545,1.26825,1.2683499999999999,0.0,0,1740592545507,4,0.0
1740592550,1.26821,1.2683200000000001,0.0,0,1740592550352,134,0.0
1740592551,1.2682,1.2683,0.0,0,1740592551449,134,0.0
1740592554,1.2682,1.26831,0.0,0,1740592554814,4,0.0
1740592555,1.26821,1.26831,0.0,0,1740592555984,130,0.0
1740592558,1.26821,1.2683200000000001,0.0,0,1740592558063,4,0.0
1740592559,1.2682,1.2683,0.0,0,1740592559200,134,0.0
1740592560,1.26819,1.26829,0.0,0,1740592560377,134,0.0
1740592561,1.26822,1.2683200000000001,0.0,0,1740592561208,134,0.0
1740592561,1.26824,1.2683499999999999,0.0,0,1740592561538,134,0.0
1740592562,1.26826,1.26836,0.0,0,1740592562576,134,0.0
1740592563,1.26825,1.26836,0.0,0,1740592563646,130,0.0
1740592563,1.26821,1.2683200000000001,0.0,0,1740592563980,134,0.0
1740592565,1.26825,1.26836,0.0,0,1740592565000,134,0.0
1740592565,1.26828,1.26838,0.0,0,1740592565316,134,0.0
1740592566,1.26825,1.2683499999999999,0.0,0,1740592566355,134,0.0
1740592567,1.26824,1.2683499999999999,0.0,0,1740592567370,130,0.0
1740592568,1.26828,1.2683900000000001,0.0,0,1740592568184,134,0.0
1740592569,1.26828,1.26838,0.0,0,1740592569259,4,0.0
1740592570,1.26827,1.26837,0.0,0,1740592570756,134,0.0
1740592570,1.2683,1.2684,0.0,0,1740592570787,134,0.0
1740592570,1.26831,1.2684199999999999,0.0,0,1740592570904,134,0.0
1740592571,1.26833,1.26844,0.0,0,1740592571831,134,0.0
1740592571,1.2683499999999999,1.26846,0.0,0,1740592571889,134,0.0
1740592572,1.26836,1.26847,0.0,0,1740592572898,134,0.0
1740592574,1.26838,1.26849,0.0,0,1740592574364,134,0.0
1740592574,1.2684,1.2685,0.0,0,1740592574384,134,0.0
1740592574,1.26841,1.26852,0.0,0,1740592574430,134,0.0
1740592575,1.2684,1.2685,0.0,0,1740592575583,134,0.0
1740592580,1.2683900000000001,1.2685,0.0,0,1740592580282,130,0.0
1740592581,1.26841,1.26852,0.0,0,1740592581052,134,0.0
1740592582,1.26841,1.26851,0.0,0,1740592582494,4,0.0
1740592583,1.26843,1.26853,0.0,0,1740592583137,134,0.0
1740592583,1.26845,1.26855,0.0,0,1740592583168,134,0.0
1740592583,1.26846,1.26857,0.0,0,1740592583207,134,0.0
1740592584,1.26847,1.26857,0.0,0,1740592584798,130,0.0
1740592585,1.26846,1.26857,0.0,0,1740592585814,130,0.0
1740592586,1.26845,1.26856,0.0,0,1740592586829,134,0.0
1740592587,1.26843,1.26854,0.0,0,1740592587337,134,0.0
1740592588,1.26841,1.26851,0.0,0,1740592588161,134,0.0
1740592589,1.26843,1.26854,0.0,0,1740592589467,134,0.0
1740592590,1.26841,1.26852,0.0,0,1740592590527,134,0.0
1740592591,1.2683900000000001,1.2685,0.0,0,1740592591193,134,0.0
1740592592,1.26838,1.26849,0.0,0,1740592592415,134,0.0
1740592592,1.26843,1.26854,0.0,0,1740592592992,134,0.0
1740592594,1.26843,1.26853,0.0,0,1740592594271,4,0.0
1740592595,1.26844,1.26854,0.0,0,1740592595285,134,0.0
1740592595,1.26846,1.26857,0.0,0,1740592595593,134,0.0
1740592595,1.26848,1.26859,0.0,0,1740592595646,134,0.0
1740592595,1.2685,1.2686,0.0,0,1740592595670,134,0.0
1740592596,1.26851,1.26861,0.0,0,1740592596982,134,0.0
1740592598,1.2685,1.2686,0.0,0,1740592598014,134,0.0
1740592599,1.26849,1.2686,0.0,0,1740592599290,130,0.0
1740592600,1.2685,1.26861,0.0,0,1740592600571,134,0.0
1740592600,1.26853,1.26863,0.0,0,1740592600943,134,0.0
1740592601,1.26848,1.26859,0.0,0,1740592601710,134,0.0
1740592602,1.26846,1.26856,0.0,0,1740592602798,134,0.0
1740592603,1.26846,1.26857,0.0,0,1740592603881,4,0.0
1740592605,1.26847,1.26858,0.0,0,1740592605226,134,0.0
1740592605,1.26844,1.26855,0.0,0,1740592605278,134,0.0
1740592606,1.26843,1.26854,0.0,0,1740592606740,134,0.0
1740592608,1.2684199999999999,1.26852,0.0,0,1740592608708,134,0.0
1740592608,1.2684,1.2685,0.0,0,1740592608739,134,0.0
1740592608,1.26838,1.26849,0.0,0,1740592608852,134,0.0
1740592608,1.26836,1.26847,0.0,0,1740592608898,134,0.0
1740592609,1.2683900000000001,1.2685,0.0,0,1740592609940,134,0.0
1740592611,1.2684,1.26851,0.0,0,1740592611146,134,0.0
1740592613,1.2683900000000001,1.26849,0.0,0,1740592613339,134,0.0
1740592613,1.26836,1.26846,0.0,0,1740592613388,134,0.0
1740592614,1.26837,1.26848,0.0,0,1740592614406,134,0.0
1740592616,1.26837,1.26847,0.0,0,1740592616896,4,0.0
1740592618,1.2683499999999999,1.26845,0.0,0,1740592618195,134,0.0
1740592619,1.26836,1.26846,0.0,0,1740592619674,134,0.0
1740592620,1.26836,1.26847,0.0,0,1740592620684,134,0.0
1740592621,1.26841,1.26852,0.0,0,1740592621463,134,0.0
1740592622,1.26838,1.26849,0.0,0,1740592622761,134,0.0
1740592624,1.2683499999999999,1.26846,0.0,0,1740592624727,134,0.0
1740592625,1.26833,1.26843,0.0,0,1740592625252,134,0.0
1740592626,1.26834,1.26845,0.0,0,1740592626275,134,0.0
1740592627,1.26838,1.26848,0.0,0,1740592627162,134,0.0
1740592627,1.2683900000000001,1.2685,0.0,0,1740592627698,134,0.0
1740592627,1.26841,1.26852,0.0,0,1740592627762,134,0.0
1740592629,1.2684199999999999,1.26853,0.0,0,1740592629280,134,0.0
1740592630,1.2684,1.26851,0.0,0,1740592630475,134,0.0
1740592630,1.26836,1.26847,0.0,0,1740592630625,134,0.0
1740592631,1.26834,1.26845,0.0,0,1740592631166,134,0.0
1740592632,1.2683499999999999,1.26846,0.0,0,1740592632260,134,0.0
1740592633,1.26834,1.26844,0.0,0,1740592633465,134,0.0
1740592634,1.26833,1.26844,0.0,0,1740592634530,130,0.0
1740592635,1.2683200000000001,1.2684199999999999,0.0,0,1740592635246,134,0.0
1740592635,1.26833,1.26844,0.0,0,1740592635364,134,0.0
1740592635,1.26836,1.26847,0.0,0,1740592635615,134,0.0
1740592635,1.26838,1.26849,0.0,0,1740592635687,134,0.0
1740592636,1.2684,1.2685,0.0,0,1740592636643,134,0.0
1740592637,1.2684,1.26851,0.0,0,1740592637644,4,0.0
1740592638,1.26841,1.26852,0.0,0,1740592638676,134,0.0
1740592638,1.26837,1.26848,0.0,0,1740592638832,134,0.0
1740592638,1.2683499999999999,1.26846,0.0,0,1740592638836,134,0.0
1740592638,1.26834,1.26844,0.0,0,1740592638851,134,0.0
1740592639,1.26838,1.26848,0.0,0,1740592639010,134,0.0
1740592639,1.2684,1.26851,0.0,0,1740592639282,134,0.0
1740592640,1.26841,1.26852,0.0,0,1740592640284,134,0.0
1740592641,1.26843,1.26854,0.0,0,1740592641072,134,0.0
1740592642,1.26841,1.26852,0.0,0,1740592642074,134,0.0
1740592642,1.26837,1.26848,0.0,0,1740592642463,134,0.0
1740592643,1.26837,1.26847,0.0,0,1740592643495,4,0.0
1740592644,1.26836,1.26846,0.0,0,1740592644042,134,0.0
1740592645,1.26837,1.26847,0.0,0,1740592645077,134,0.0
1740592646,1.2683499999999999,1.26845,0.0,0,1740592646021,134,0.0
1740592646,1.2683200000000001,1.26843,0.0,0,1740592646139,134,0.0
1740592646,1.26829,1.2684,0.0,0,1740592646259,134,0.0
1740592646,1.26828,1.26838,0.0,0,1740592646340,134,0.0
1740592646,1.26826,1.26837,0.0,0,1740592646552,134,0.0
1740592647,1.26825,1.26836,0.0,0,1740592647297,134,0.0
1740592648,1.26825,1.2683499999999999,0.0,0,1740592648336,4,0.0
1740592648,1.26828,1.2683900000000001,0.0,0,1740592648609,134,0.0
1740592648,1.26831,1.26841,0.0,0,1740592648689,134,0.0
1740592649,1.26831,1.2684199999999999,0.0,0,1740592649584,4,0.0
1740592650,1.26828,1.2683900000000001,0.0,0,1740592650581,134,0.0
1740592652,1.26827,1.26837,0.0,0,1740592652794,134,0.0
1740592653,1.26829,1.2684,0.0,0,1740592653870,134,0.0
1740592654,1.26831,1.2684199999999999,0.0,0,1740592654716,134,0.0
1740592654,1.26834,1.26845,0.0,0,1740592654743,134,0.0
1740592654,1.26836,1.26847,0.0,0,1740592654818,134,0.0
1740592655,1.26838,1.26848,0.0,0,1740592655041,134,0.0
1740592656,1.2683900000000001,1.2685,0.0,0,1740592656189,134,0.0
1740592657,1.26841,1.26851,0.0,0,1740592657317,134,0.0
1740592658,1.26841,1.26852,0.0,0,1740592658343,4,0.0
1740592659,1.2684199999999999,1.26853,0.0,0,1740592659347,134,0.0
1740592660,1.26843,1.26853,0.0,0,1740592660350,130,0.0
1740592661,1.26844,1.26855,0.0,0,1740592661254,134,0.0
1740592661,1.26846,1.26857,0.0,0,1740592661268,134,0.0
1740592662,1.26847,1.26858,0.0,0,1740592662314,134,0.0
1740592662,1.26849,1.26859,0.0,0,1740592662793,134,0.0
1740592662,1.26851,1.26861,0.0,0,1740592662856,134,0.0
1740592665,1.2685,1.2686,0.0,0,1740592665067,134,0.0
1740592665,1.26848,1.26859,0.0,0,1740592665965,134,0.0
1740592666,1.26849,1.2686,0.0,0,1740592666999,134,0.0
1740592668,1.26849,1.26859,0.0,0,1740592668130,4,0.0
1740592669,1.26848,1.26858,0.0,0,1740592669137,134,0.0
1740592670,1.2685,1.2686,0.0,0,1740592670285,134,0.0
1740592670,1.26847,1.26857,0.0,0,1740592670828,134,0.0
1740592671,1.26844,1.26855,0.0,0,1740592671052,134,0.0
1740592672,1.26843,1.26853,0.0,0,1740592672070,134,0.0
1740592674,1.26844,1.26855,0.0,0,1740592674717,134,0.0
1740592675,1.26847,1.26857,0.0,0,1740592675532,134,0.0
1740592677,1.26848,1.26858,0.0,0,1740592677319,134,0.0
1740592678,1.26845,1.26856,0.0,0,1740592678518,134,0.0
1740592679,1.26845,1.26855,0.0,0,1740592679628,4,0.0
1740592680,1.2684199999999999,1.26853,0.0,0,1740592680124,134,0.0
1740592680,1.2684,1.2685,0.0,0,1740592680187,134,0.0
1740592680,1.26838,1.26849,0.0,0,1740592680252,134,0.0
1740592680,1.26836,1.26847,0.0,0,1740592680355,134,0.0
1740592682,1.26837,1.26847,0.0,0,1740592682456,130,0.0
1740592683,1.2683900000000001,1.26849,0.0,0,1740592683520,134,0.0
1740592685,1.26841,1.26851,0.0,0,1740592685493,134,0.0
1740592685,1.2683900000000001,1.26849,0.0,0,1740592685763,134,0.0
1740592686,1.26838,1.26849,0.0,0,1740592686813,130,0.0
1740592687,1.2684,1.2685,0.0,0,1740592687960,134,0.0
1740592689,1.2683900000000001,1.2685,0.0,0,1740592689022,130,0.0
1740592689,1.26841,1.26852,0.0,0,1740592689432,134,0.0
1740592689,1.26844,1.26854,0.0,0,1740592689461,134,0.0
1740592689,1.26846,1.26856,0.0,0,1740592689487,134,0.0
1740592689,1.26847,1.26858,0.0,0,1740592689507,134,0.0
1740592689,1.26849,1.26859,0.0,0,1740592689550,134,0.0
1740592689,1.26851,1.26861,0.0,0,1740592689821,134,0.0
1740592690,1.26852,1.26862,0.0,0,1740592690833,134,0.0
1740592692,1.2685,1.2686,0.0,0,1740592692046,134,0.0
1740592692,1.26853,1.26863,0.0,0,1740592692505,134,0.0
1740592692,1.26854,1.26865,0.0,0,1740592692520,134,0.0
1740592693,1.2685,1.26861,0.0,0,1740592693478,134,0.0
1740592694,1.26849,1.2686,0.0,0,1740592694560,134,0.0
1740592696,1.2685,1.2686,0.0,0,1740592696690,130,0.0
1740592697,1.26848,1.26858,0.0,0,1740592697557,134,0.0
1740592699,1.26846,1.26856,0.0,0,1740592699114,134,0.0
1740592700,1.26845,1.26855,0.0,0,1740592700208,134,0.0
1740592701,1.26843,1.26854,0.0,0,1740592701049,134,0.0
1740592701,1.26847,1.26858,0.0,0,1740592701354,134,0.0
1740592702,1.26849,1.2686,0.0,0,1740592702667,134,0.0
1740592703,1.26845,1.26855,0.0,0,1740592703157,134,0.0
1740592703,1.2684199999999999,1.26853,0.0,0,1740592703169,134,0.0
1740592704,1.26844,1.26854,0.0,0,1740592704889,134,0.0
1740592706,1.26844,1.26855,0.0,0,1740592706110,4,0.0
1740592706,1.26841,1.26852,0.0,0,1740592706668,134,0.0
1740592707,1.26845,1.26856,0.0,0,1740592707490,134,0.0
1740592709,1.26846,1.26856,0.0,0,1740592709554,130,0.0
1740592710,1.26847,1.26857,0.0,0,1740592710561,134,0.0
1740592710,1.26843,1.26853,0.0,0,1740592710642,134,0.0
1740592712,1.26846,1.26856,0.0,0,1740592712053,134,0.0
1740592712,1.26848,1.26859,0.0,0,1740592712982,134,0.0
1740592714,1.26844,1.26854,0.0,0,1740592714263,134,0.0
1740592715,1.26845,1.26855,0.0,0,1740592715370,134,0.0
1740592716,1.26848,1.26858,0.0,0,1740592716469,134,0.0
1740592716,1.2685,1.26861,0.0,0,1740592716820,134,0.0
1740592716,1.26852,1.26862,0.0,0,1740592716845,134,0.0
1740592718,1.26849,1.2686,0.0,0,1740592718135,134,0.0
1740592719,1.26848,1.26858,0.0,0,1740592719202,134,0.0
1740592720,1.26847,1.26857,0.0,0,1740592720213,134,0.0
1740592721,1.26848,1.26859,0.0,0,1740592721232,134,0.0
1740592722,1.26847,1.26857,0.0,0,1740592722544,134,0.0
1740592723,1.26846,1.26857,0.0,0,1740592723655,130,0.0
1740592724,1.26849,1.2686,0.0,0,1740592724121,134,0.0
1740592725,1.26851,1.26862,0.0,0,1740592725268,134,0.0
1740592726,1.26849,1.26859,0.0,0,1740592726273,134,0.0
1740592727,1.26851,1.26862,0.0,0,1740592727250,134,0.0
1740592729,1.26851,1.26861,0.0,0,1740592729433,4,0.0
1740592729,1.26853,1.26864,0.0,0,1740592729454,134,0.0
1740592731,1.26849,1.2686,0.0,0,1740592731830,134,0.0
1740592733,1.26848,1.26859,0.0,0,1740592733371,134,0.0
1740592733,1.26853,1.26863,0.0,0,1740592733679,134,0.0
1740592734,1.26848,1.26859,0.0,0,1740592734361,134,0.0
1740592734,1.26853,1.26863,0.0,0,1740592734724,134,0.0
1740592737,1.26852,1.26862,0.0,0,1740592737062,134,0.0
1740592738,1.26851,1.26862,0.0,0,1740592738111,130,0.0
1740592739,1.26852,1.26862,0.0,0,1740592739392,130,0.0
1740592740,1.26852,1.26863,0.0,0,1740592740394,134,0.0
1740592741,1.26851,1.26862,0.0,0,1740592741709,134,0.0
1740592742,1.26849,1.2686,0.0,0,1740592742294,134,0.0
1740592743,1.26848,1.26859,0.0,0,1740592743745,134,0.0
1740592744,1.26849,1.26859,0.0,0,1740592744762,130,0.0
1740592745,1.26848,1.26858,0.0,0,1740592745857,134,0.0
1740592747,1.26849,1.26859,0.0,0,1740592747323,134,0.0
1740592747,1.26846,1.26857,0.0,0,1740592747526,134,0.0
1740592747,1.26844,1.26855,0.0,0,1740592747531,134,0.0
1740592747,1.26843,1.26853,0.0,0,1740592747685,134,0.0
1740592748,1.2684199999999999,1.26852,0.0,0,1740592748949,134,0.0
1740592749,1.2684,1.2685,0.0,0,1740592749009,134,0.0
1740592749,1.26838,1.26849,0.0,0,1740592749034,134,0.0
1740592749,1.26836,1.26847,0.0,0,1740592749152,134,0.0
1740592750,1.2684,1.26851,0.0,0,1740592750568,134,0.0
1740592750,1.26843,1.26853,0.0,0,1740592750608,134,0.0
1740592751,1.26844,1.26855,0.0,0,1740592751776,134,0.0
1740592753,1.26843,1.26854,0.0,0,1740592753228,134,0.0
1740592754,1.26843,1.26853,0.0,0,1740592754289,4,0.0
1740592755,1.26845,1.26855,0.0,0,1740592755071,134,0.0
1740592755,1.26847,1.26857,0.0,0,1740592755147,134,0.0
1740592755,1.26848,1.26859,0.0,0,1740592755460,134,0.0
1740592755,1.2685,1.26861,0.0,0,1740592755823,134,0.0
1740592756,1.26847,1.26858,0.0,0,1740592756891,134,0.0
1740592758,1.26849,1.26859,0.0,0,1740592758083,134,0.0
1740592760,1.26848,1.26858,0.0,0,1740592760203,134,0.0
1740592761,1.26848,1.26859,0.0,0,1740592761496,4,0.0
1740592761,1.26851,1.26862,0.0,0,1740592761825,134,0.0
1740592762,1.2685,1.26861,0.0,0,1740592762860,134,0.0
1740592763,1.26852,1.26863,0.0,0,1740592763242,134,0.0
1740592763,1.26854,1.26865,0.0,0,1740592763857,134,0.0
1740592765,1.26855,1.2686600000000001,0.0,0,1740592765878,134,0.0
1740592767,1.26853,1.26863,0.0,0,1740592767018,134,0.0
1740592767,1.2685,1.26861,0.0,0,1740592767533,134,0.0
1740592768,1.26852,1.26863,0.0,0,1740592768960,134,0.0
1740592770,1.26853,1.26863,0.0,0,1740592770092,130,0.0
1740592770,1.2685,1.26861,0.0,0,1740592770580,134,0.0
1740592771,1.26852,1.26862,0.0,0,1740592771629,134,0.0
1740592772,1.26853,1.26863,0.0,0,1740592772638,134,0.0
1740592774,1.26852,1.26863,0.0,0,1740592774052,130,0.0
1740592775,1.26849,1.2686,0.0,0,1740592775736,134,0.0
1740592776,1.26848,1.26858,0.0,0,1740592776757,134,0.0
1740592777,1.26847,1.26857,0.0,0,1740592777277,134,0.0
1740592778,1.26846,1.26857,0.0,0,1740592778356,130,0.0
1740592779,1.26847,1.26858,0.0,0,1740592779406,134,0.0
1740592781,1.26848,1.26858,0.0,0,1740592781145,130,0.0
1740592782,1.2685,1.2686,0.0,0,1740592782156,134,0.0
1740592783,1.26852,1.26863,0.0,0,1740592783093,134,0.0
1740592784,1.26851,1.26862,0.0,0,1740592784260,134,0.0
1740592785,1.2685,1.2686,0.0,0,1740592785890,134,0.0
1740592787,1.26849,1.26859,0.0,0,1740592787140,134,0.0
1740592788,1.26848,1.26858,0.0,0,1740592788138,134,0.0
1740592789,1.26848,1.26859,0.0,0,1740592789554,4,0.0
1740592790,1.26851,1.26862,0.0,0,1740592790504,134,0.0
1740592790,1.26854,1.26865,0.0,0,1740592790929,134,0.0
1740592792,1.26856,1.2686600000000001,0.0,0,1740592792064,134,0.0
1740592793,1.26855,1.26865,0.0,0,1740592793220,134,0.0
1740592794,1.26852,1.26862,0.0,0,1740592794138,134,0.0
1740592794,1.26849,1.2686,0.0,0,1740592794164,134,0.0
1740592794,1.26848,1.26858,0.0,0,1740592794178,134,0.0
1740592794,1.26846,1.26856,0.0,0,1740592794193,134,0.0
1740592794,1.26844,1.26855,0.0,0,1740592794202,134,0.0
1740592794,1.26843,1.26853,0.0,0,1740592794777,134,0.0
1740592795,1.2684199999999999,1.26853,0.0,0,1740592795861,130,0.0
1740592795,1.2684,1.26851,0.0,0,1740592795937,134,0.0
1740592798,1.26841,1.26852,0.0,0,1740592798704,134,0.0
1740592799,1.26843,1.26854,0.0,0,1740592799159,134,0.0
1740592800,1.26843,1.26854,0.0,0,1740592800174,130,0.0
1740592800,1.2684,1.26851,0.0,0,1740592800261,134,0.0
1740592800,1.26838,1.26849,0.0,0,1740592800520,134,0.0
1740592801,1.26836,1.26847,0.0,0,1740592801365,134,0.0
1740592801,1.26834,1.26844,0.0,0,1740592801759,134,0.0
1740592802,1.26831,1.26841,0.0,0,1740592802470,134,0.0
1740592802,1.26828,1.2683900000000001,0.0,0,1740592802525,134,0.0
1740592802,1.2683,1.26841,0.0,0,1740592802906,134,0.0
1740592803,1.26834,1.26844,0.0,0,1740592803579,134,0.0
1740592804,1.2683499999999999,1.26846,0.0,0,1740592804413,134,0.0
1740592804,1.26837,1.26847,0.0,0,1740592804577,134,0.0
1740592805,1.2683900000000001,1.26849,0.0,0,1740592805112,134,0.0
1740592805,1.2684,1.26851,0.0,0,1740592805139,134,0.0
1740592805,1.2684199999999999,1.26853,0.0,0,1740592805216,134,0.0
1740592805,1.26844,1.26854,0.0,0,1740592805430,134,0.0
1740592805,1.26845,1.26856,0.0,0,1740592805958,134,0.0
1740592806,1.26847,1.26858,0.0,0,1740592806546,134,0.0
1740592807,1.26848,1.26859,0.0,0,1740592807658,134,0.0
1740592809,1.26847,1.26857,0.0,0,1740592809965,134,0.0
1740592810,1.26849,1.2686,0.0,0,1740592810144,134,0.0
1740592810,1.26851,1.26861,0.0,0,1740592810175,134,0.0
1740592810,1.26852,1.26863,0.0,0,1740592810287,134,0.0
1740592811,1.26853,1.26863,0.0,0,1740592811181,130,0.0
1740592812,1.26852,1.26863,0.0,0,1740592812309,130,0.0
1740592813,1.26851,1.26862,0.0,0,1740592813503,134,0.0
1740592814,1.26854,1.26865,0.0,0,1740592814511,134,0.0
1740592814,1.26856,1.2686600000000001,0.0,0,1740592814522,134,0.0
1740592814,1.26858,1.2686899999999999,0.0,0,1740592814544,134,0.0
1740592814,1.26855,1.26865,0.0,0,1740592814656,134,0.0
1740592814,1.26851,1.26862,0.0,0,1740592814763,134,0.0
1740592814,1.2685,1.26861,0.0,0,1740592814859,134,0.0
1740592815,1.26854,1.26864,0.0,0,1740592815166,134,0.0
1740592815,1.26852,1.26862,0.0,0,1740592815321,134,0.0
1740592815,1.26854,1.26865,0.0,0,1740592815761,134,0.0
1740592816,1.2685,1.26861,0.0,0,1740592816756,134,0.0
1740592816,1.26848,1.26859,0.0,0,1740592816857,134,0.0
1740592817,1.2685,1.2686,0.0,0,1740592817912,134,0.0
1740592818,1.26852,1.26863,0.0,0,1740592818764,134,0.0
1740592819,1.26853,1.26863,0.0,0,1740592819766,130,0.0
1740592819,1.26856,1.2686600000000001,0.0,0,1740592819816,134,0.0
1740592820,1.26858,1.26868,0.0,0,1740592820012,134,0.0
1740592821,1.26859,1.2687,0.0,0,1740592821049,134,0.0
1740592821,1.26861,1.26871,0.0,0,1740592821920,134,0.0
1740592821,1.26863,1.2687300000000001,0.0,0,1740592821982,134,0.0
1740592822,1.2686,1.2687,0.0,0,1740592822395,134,0.0
1740592823,1.26857,1.26867,0.0,0,1740592823133,134,0.0
1740592823,1.26854,1.26865,0.0,0,1740592823163,134,0.0
1740592823,1.26852,1.26863,0.0,0,1740592823189,134,0.0
1740592823,1.26851,1.26861,0.0,0,1740592823203,134,0.0
1740592823,1.26848,1.26859,0.0,0,1740592823277,134,0.0
1740592823,1.26851,1.26862,0.0,0,1740592823568,134,0.0
1740592823,1.26855,1.26865,0.0,0,1740592823729,134,0.0
1740592824,1.26855,1.2686600000000001,0.0,0,1740592824753,4,0.0
1740592825,1.26852,1.26862,0.0,0,1740592825096,134,0.0
1740592825,1.2685,1.2686,0.0,0,1740592825151,134,0.0
1740592825,1.26848,1.26859,0.0,0,1740592825254,134,0.0
1740592825,1.26845,1.26856,0.0,0,1740592825296,134,0.0
1740592825,1.26844,1.26854,0.0,0,1740592825348,134,0.0
1740592825,1.2684199999999999,1.26853,0.0,0,1740592825566,134,0.0
1740592826,1.26843,1.26854,0.0,0,1740592826091,134,0.0
1740592826,1.26846,1.26856,0.0,0,1740592826253,134,0.0
1740592826,1.26849,1.26859,0.0,0,1740592826527,134,0.0
1740592827,1.26848,1.26859,0.0,0,1740592827864,130,0.0
1740592827,1.2685,1.26861,0.0,0,1740592827895,134,0.0
1740592827,1.26852,1.26863,0.0,0,1740592827928,134,0.0
1740592828,1.26854,1.26864,0.0,0,1740592828285,134,0.0
1740592829,1.26854,1.26865,0.0,0,1740592829307,4,0.0
1740592829,1.26857,1.26868,0.0,0,1740592829524,134,0.0
1740592830,1.26854,1.26865,0.0,0,1740592830031,134,0.0
1740592830,1.26853,1.26863,0.0,0,1740592830141,134,0.0
1740592830,1.2685,1.26861,0.0,0,1740592830341,134,0.0
1740592831,1.2685,1.2686,0.0,0,1740592831378,4,0.0
1740592832,1.26853,1.26863,0.0,0,1740592832746,134,0.0
1740592833,1.26853,1.26864,0.0,0,1740592833851,4,0.0
1740592834,1.26853,1.26863,0.0,0,1740592834856,4,0.0
1740592836,1.26852,1.26863,0.0,0,1740592836083,130,0.0
1740592836,1.26849,1.2686,0.0,0,1740592836183,134,0.0
1740592836,1.26846,1.26857,0.0,0,1740592836239,134,0.0
1740592836,1.26845,1.26855,0.0,0,1740592836255,134,0.0
1740592836,1.26843,1.26854,0.0,0,1740592836309,134,0.0
1740592836,1.26841,1.26852,0.0,0,1740592836739,134,0.0
1740592836,1.26845,1.26855,0.0,0,1740592836991,134,0.0
1740592837,1.2684199999999999,1.26852,0.0,0,1740592837176,134,0.0
1740592837,1.2684,1.26851,0.0,0,1740592837179,134,0.0
1740592837,1.2683900000000001,1.26849,0.0,0,1740592837266,134,0.0
1740592838,1.26841,1.26852,0.0,0,1740592838522,134,0.0
1740592839,1.26845,1.26856,0.0,0,1740592839148,134,0.0
1740592840,1.2684199999999999,1.26853,0.0,0,1740592840013,134,0.0
1740592840,1.2684,1.2685,0.0,0,1740592840019,134,0.0
1740592840,1.26838,1.26848,0.0,0,1740592840051,134,0.0
1740592841,1.26841,1.26851,0.0,0,1740592841633,134,0.0
1740592841,1.26837,1.26848,0.0,0,1740592841769,134,0.0
1740592841,1.2684,1.2685,0.0,0,1740592841963,134,0.0
1740592842,1.2684199999999999,1.26852,0.0,0,1740592842952,134,0.0
1740592843,1.26844,1.26854,0.0,0,1740592843911,134,0.0
1740592844,1.26844,1.26855,0.0,0,1740592844417,4,0.0
1740592845,1.26846,1.26856,0.0,0,1740592845408,134,0.0
1740592845,1.26847,1.26858,0.0,0,1740592845448,134,0.0
1740592845,1.26849,1.26859,0.0,0,1740592845516,134,0.0
1740592845,1.26846,1.26857,0.0,0,1740592845972,134,0.0
1740592845,1.26844,1.26855,0.0,0,1740592845980,134,0.0
