time,bid,ask,last,volume,time_msc,flags,volume_real
1622223282,1.21777,1.21778,0.0,0,1622223282960,134,0.0
1622223283,1.21778,1.21778,0.0,0,1622223283533,130,0.0
1622223284,1.21776,1.21776,0.0,0,1622223284159,134,0.0
1622223284,1.21778,1.21778,0.0,0,1622223284721,134,0.0
1622223285,1.21786,1.21786,0.0,0,1622223285224,134,0.0
1622223285,1.21788,1.21788,0.0,0,1622223285744,134,0.0
1622223286,1.21794,1.21794,0.0,0,1622223286255,134,0.0
1622223286,1.21796,1.21796,0.0,0,1622223286763,134,0.0
1622223287,1.21795,1.21795,0.0,0,1622223287310,134,0.0
1622223287,1.21797,1.21797,0.0,0,1622223287819,134,0.0
1622223288,1.21796,1.21796,0.0,0,1622223288347,134,0.0
1622223288,1.21794,1.21794,0.0,0,1622223288850,134,0.0
1622223289,1.21798,1.21799,0.0,0,1622223289859,134,0.0
1622223290,1.21796,1.21796,0.0,0,1622223290970,134,0.0
1622223291,1.21794,1.21794,0.0,0,1622223291514,134,0.0
1622223292,1.21798,1.21798,0.0,0,1622223292016,134,0.0
1622223292,1.21798,1.21799,0.0,0,1622223292515,4,0.0
1622223293,1.21804,1.21804,0.0,0,1622223293029,134,0.0
1622223293,1.2180900000000001,1.2180900000000001,0.0,0,1622223293535,134,0.0
1622223294,1.21804,1.21805,0.0,0,1622223294143,134,0.0
1622223294,1.21801,1.21801,0.0,0,1622223294673,134,0.0
1622223295,1.21804,1.21806,0.0,0,1622223295185,134,0.0
1622223295,1.21804,1.21805,0.0,0,1622223295809,4,0.0
1622223296,1.2181,1.2181,0.0,0,1622223296308,134,0.0
1622223296,1.2180900000000001,1.2180900000000001,0.0,0,1622223296836,134,0.0
1622223297,1.21811,1.21811,0.0,0,1622223297386,134,0.0
1622223297,1.21815,1.21815,0.0,0,1622223297887,134,0.0
1622223300,1.21814,1.21814,0.0,0,1622223300182,134,0.0
1622223300,1.21815,1.21815,0.0,0,1622223300760,134,0.0
1622223301,1.2181,1.2181,0.0,0,1622223301299,134,0.0
1622223301,1.21811,1.21811,0.0,0,1622223301848,134,0.0
1622223302,1.2181,1.2181,0.0,0,1622223302377,134,0.0
1622223303,1.21808,1.2180900000000001,0.0,0,1622223303436,134,0.0
1622223304,1.218,1.218,0.0,0,1622223304333,134,0.0
1622223304,1.21797,1.21798,0.0,0,1622223304834,134,0.0
1622223305,1.21794,1.21795,0.0,0,1622223305366,134,0.0
1622223306,1.21798,1.21798,0.0,0,1622223306428,134,0.0
1622223306,1.21802,1.21802,0.0,0,1622223306939,134,0.0
1622223307,1.21808,1.2180900000000001,0.0,0,1622223307460,134,0.0
1622223308,1.21805,1.21805,0.0,0,1622223308001,134,0.0
1622223308,1.21808,1.21808,0.0,0,1622223308501,134,0.0
1622223309,1.2180900000000001,1.2181,0.0,0,1622223309095,134,0.0
1622223310,1.21808,1.21808,0.0,0,1622223310500,134,0.0
1622223311,1.21806,1.21806,0.0,0,1622223311018,134,0.0
1622223311,1.21804,1.21804,0.0,0,1622223311522,134,0.0
1622223312,1.21798,1.21799,0.0,0,1622223312038,134,0.0
1622223312,1.21796,1.21797,0.0,0,1622223312691,134,0.0
1622223313,1.21797,1.21798,0.0,0,1622223313231,134,0.0
1622223313,1.21798,1.21798,0.0,0,1622223313930,130,0.0
1622223314,1.21796,1.21797,0.0,0,1622223314453,134,0.0
1622223315,1.218,1.218,0.0,0,1622223315337,134,0.0
1622223315,1.21797,1.21798,0.0,0,1622223315840,134,0.0
1622223316,1.21804,1.21805,0.0,0,1622223316845,134,0.0
1622223317,1.21803,1.21804,0.0,0,1622223317559,134,0.0
1622223319,1.21804,1.21804,0.0,0,1622223319470,130,0.0
1622223320,1.21802,1.21803,0.0,0,1622223320052,134,0.0
1622223320,1.21795,1.21795,0.0,0,1622223320570,134,0.0
1622223321,1.21792,1.21793,0.0,0,1622223321076,134,0.0
1622223324,1.2178200000000001,1.21784,0.0,0,1622223324060,134,0.0
1622223325,1.21787,1.21787,0.0,0,1622223325048,134,0.0
1622223325,1.21787,1.21788,0.0,0,1622223325598,4,0.0
1622223326,1.21784,1.2178499999999999,0.0,0,1622223326319,134,0.0
1622223327,1.2178200000000001,1.21783,0.0,0,1622223327017,134,0.0
1622223327,1.21783,1.21783,0.0,0,1622223327563,130,0.0
1622223328,1.2178200000000001,1.21783,0.0,0,1622223328236,130,0.0
1622223329,1.2178200000000001,1.21784,0.0,0,1622223329486,4,0.0
1622223330,1.21783,1.21783,0.0,0,1622223330313,134,0.0
1622223330,1.21783,1.21784,0.0,0,1622223330840,4,0.0
1622223331,1.2178499999999999,1.2178499999999999,0.0,0,1622223331344,134,0.0
1622223331,1.21786,1.21787,0.0,0,1622223331868,134,0.0
1622223332,1.21794,1.21794,0.0,0,1622223332775,134,0.0
1622223333,1.21793,1.21794,0.0,0,1622223333281,130,0.0
1622223334,1.21793,1.21793,0.0,0,1622223334176,4,0.0
1622223334,1.21791,1.21792,0.0,0,1622223334702,134,0.0
1622223335,1.21794,1.21794,0.0,0,1622223335984,134,0.0
1622223336,1.21793,1.21794,0.0,0,1622223336504,130,0.0
1622223337,1.21794,1.21794,0.0,0,1622223337902,130,0.0
1622223338,1.21794,1.21795,0.0,0,1622223338422,4,0.0
1622223339,1.21794,1.21794,0.0,0,1622223339175,4,0.0
1622223339,1.21791,1.21791,0.0,0,1622223339796,134,0.0
1622223340,1.21791,1.21792,0.0,0,1622223340505,4,0.0
1622223343,1.21787,1.21788,0.0,0,1622223343202,134,0.0
1622223344,1.21779,1.21779,0.0,0,1622223344482,134,0.0
1622223344,1.21777,1.21778,0.0,0,1622223344987,134,0.0
1622223345,1.21776,1.21777,0.0,0,1622223345520,134,0.0
1622223346,1.21778,1.21778,0.0,0,1622223346916,134,0.0
1622223347,1.21777,1.21778,0.0,0,1622223347934,130,0.0
1622223351,1.2178200000000001,1.2178200000000001,0.0,0,1622223351684,134,0.0
1622223353,1.21781,1.2178200000000001,0.0,0,1622223353127,130,0.0
1622223354,1.21778,1.21778,0.0,0,1622223354175,134,0.0
1622223355,1.21776,1.21777,0.0,0,1622223355636,134,0.0
1622223356,1.21777,1.21778,0.0,0,1622223356244,134,0.0
1622223357,1.21781,1.21781,0.0,0,1622223357506,134,0.0
1622223358,1.21776,1.21776,0.0,0,1622223358007,134,0.0
1622223358,1.21776,1.21777,0.0,0,1622223358509,4,0.0
1622223359,1.21776,1.21776,0.0,0,1622223359819,4,0.0
1622223360,1.21776,1.21777,0.0,0,1622223360908,134,0.0
1622223361,1.21776,1.21778,0.0,0,1622223361477,4,0.0
1622223362,1.21777,1.21778,0.0,0,1622223362140,130,0.0
1622223363,1.21776,1.21778,0.0,0,1622223363902,130,0.0
1622223365,1.21772,1.21772,0.0,0,1622223365628,134,0.0
1622223366,1.21776,1.21777,0.0,0,1622223366762,134,0.0
1622223368,1.21772,1.21772,0.0,0,1622223368121,134,0.0
1622223373,1.2177,1.21771,0.0,0,1622223373416,134,0.0
1622223374,1.21772,1.21772,0.0,0,1622223374427,134,0.0
1622223377,1.21768,1.21768,0.0,0,1622223377559,134,0.0
1622223380,1.21769,1.21769,0.0,0,1622223380209,134,0.0
1622223380,1.21769,1.2177,0.0,0,1622223380870,4,0.0
1622223382,1.21771,1.21771,0.0,0,1622223382736,134,0.0
1622223383,1.21772,1.21773,0.0,0,1622223383875,134,0.0
1622223387,1.21768,1.21769,0.0,0,1622223387094,134,0.0
1622223389,1.21767,1.21768,0.0,0,1622223389005,134,0.0
1622223392,1.21767,1.21767,0.0,0,1622223392067,4,0.0
1622223392,1.21767,1.21768,0.0,0,1622223392681,4,0.0
1622223398,1.21773,1.21773,0.0,0,1622223398490,134,0.0
1622223399,1.21771,1.21773,0.0,0,1622223399651,130,0.0
1622223401,1.21769,1.2177,0.0,0,1622223401877,134,0.0
1622223403,1.21772,1.21773,0.0,0,1622223403355,134,0.0
1622223404,1.21767,1.21768,0.0,0,1622223404571,134,0.0
1622223411,1.21767,1.21767,0.0,0,1622223411422,4,0.0
1622223413,1.21767,1.21768,0.0,0,1622223413911,4,0.0
1622223414,1.21768,1.21769,0.0,0,1622223414962,134,0.0
1622223416,1.21772,1.21773,0.0,0,1622223416297,134,0.0
1622223417,1.21772,1.21772,0.0,0,1622223417883,4,0.0
1622223418,1.21769,1.21769,0.0,0,1622223418386,134,0.0
1622223418,1.21767,1.21767,0.0,0,1622223418896,134,0.0
1622223420,1.21768,1.21768,0.0,0,1622223420406,134,0.0
1622223420,1.21771,1.21772,0.0,0,1622223420920,134,0.0
1622223421,1.2177,1.21771,0.0,0,1622223421472,134,0.0
1622223422,1.21771,1.21772,0.0,0,1622223422016,134,0.0
1622223425,1.21773,1.21773,0.0,0,1622223425852,134,0.0
1622223426,1.21776,1.21776,0.0,0,1622223426371,134,0.0
1622223426,1.21773,1.21774,0.0,0,1622223426875,134,0.0
1622223427,1.21777,1.21777,0.0,0,1622223427994,134,0.0
1622223428,1.21775,1.21775,0.0,0,1622223428995,134,0.0
1622223429,1.21774,1.21775,0.0,0,1622223429539,130,0.0
1622223430,1.21776,1.21776,0.0,0,1622223430051,134,0.0
1622223430,1.21776,1.21777,0.0,0,1622223430640,4,0.0
1622223431,1.21773,1.21774,0.0,0,1622223431485,134,0.0
1622223433,1.21773,1.21773,0.0,0,1622223433987,4,0.0
1622223434,1.21772,1.21772,0.0,0,1622223434649,134,0.0
1622223435,1.21768,1.2177,0.0,0,1622223435420,134,0.0
1622223437,1.21768,1.21769,0.0,0,1622223437248,4,0.0
1622223438,1.21772,1.21772,0.0,0,1622223438151,134,0.0
1622223438,1.21773,1.21773,0.0,0,1622223438698,134,0.0
1622223440,1.21769,1.2177,0.0,0,1622223440663,134,0.0
1622223442,1.2177,1.2177,0.0,0,1622223442195,130,0.0
1622223442,1.21774,1.21775,0.0,0,1622223442713,134,0.0
1622223443,1.21775,1.21776,0.0,0,1622223443238,134,0.0
1622223443,1.21777,1.21777,0.0,0,1622223443938,134,0.0
1622223444,1.21776,1.21776,0.0,0,1622223444447,134,0.0
1622223446,1.21777,1.21777,0.0,0,1622223446367,134,0.0
1622223446,1.21778,1.21778,0.0,0,1622223446919,134,0.0
1622223447,1.21776,1.21777,0.0,0,1622223447460,134,0.0
1622223448,1.21775,1.21776,0.0,0,1622223448154,134,0.0
1622223448,1.21773,1.21774,0.0,0,1622223448911,134,0.0
1622223451,1.21775,1.21775,0.0,0,1622223451257,134,0.0
1622223451,1.21776,1.21776,0.0,0,1622223451786,134,0.0
1622223452,1.21771,1.21772,0.0,0,1622223452912,134,0.0
1622223453,1.21772,1.21772,0.0,0,1622223453681,130,0.0
1622223457,1.21781,1.21781,0.0,0,1622223457031,134,0.0
1622223457,1.2178200000000001,1.2178200000000001,0.0,0,1622223457827,134,0.0
1622223458,1.21783,1.21783,0.0,0,1622223458332,134,0.0
1622223460,1.21786,1.21787,0.0,0,1622223460151,134,0.0
1622223460,1.2178499999999999,1.2178499999999999,0.0,0,1622223460756,134,0.0
1622223461,1.21784,1.21784,0.0,0,1622223461321,134,0.0
1622223461,1.21783,1.21783,0.0,0,1622223461922,134,0.0
1622223464,1.21788,1.21789,0.0,0,1622223464160,134,0.0
1622223464,1.21792,1.21792,0.0,0,1622223464703,134,0.0
1622223465,1.21793,1.21794,0.0,0,1622223465204,134,0.0
1622223468,1.21798,1.21798,0.0,0,1622223468387,134,0.0
1622223468,1.21799,1.21799,0.0,0,1622223468910,134,0.0
1622223470,1.21796,1.21796,0.0,0,1622223470434,134,0.0
1622223471,1.21799,1.21799,0.0,0,1622223471530,134,0.0
1622223472,1.21802,1.21802,0.0,0,1622223472236,134,0.0
1622223473,1.21799,1.218,0.0,0,1622223473240,134,0.0
1622223473,1.218,1.218,0.0,0,1622223473921,130,0.0
1622223474,1.21801,1.21801,0.0,0,1622223474428,134,0.0
1622223475,1.21802,1.21802,0.0,0,1622223475096,134,0.0
1622223476,1.21802,1.21803,0.0,0,1622223476737,4,0.0
1622223477,1.21803,1.21803,0.0,0,1622223477281,130,0.0
1622223479,1.21805,1.21805,0.0,0,1622223479519,134,0.0
1622223480,1.21807,1.21807,0.0,0,1622223480027,134,0.0
1622223480,1.21803,1.21803,0.0,0,1622223480530,134,0.0
1622223482,1.21804,1.21804,0.0,0,1622223482286,134,0.0
1622223482,1.21806,1.21806,0.0,0,1622223482796,134,0.0
1622223483,1.21808,1.21808,0.0,0,1622223483297,134,0.0
1622223486,1.21806,1.21806,0.0,0,1622223486269,134,0.0
1622223486,1.21807,1.21807,0.0,0,1622223486814,134,0.0
1622223487,1.21808,1.21808,0.0,0,1622223487411,134,0.0
1622223489,1.21816,1.21816,0.0,0,1622223489089,134,0.0
1622223489,1.21817,1.21817,0.0,0,1622223489610,134,0.0
1622223490,1.21816,1.21816,0.0,0,1622223490826,134,0.0
1622223491,1.21817,1.21817,0.0,0,1622223491395,134,0.0
1622223493,1.21818,1.21818,0.0,0,1622223493145,134,0.0
1622223493,1.21823,1.21823,0.0,0,1622223493756,134,0.0
1622223494,1.2182,1.2182,0.0,0,1622223494301,134,0.0
1622223494,1.21821,1.21821,0.0,0,1622223494846,134,0.0
1622223495,1.21822,1.21823,0.0,0,1622223495367,134,0.0
1622223496,1.21814,1.21815,0.0,0,1622223496180,134,0.0
1622223496,1.21812,1.21812,0.0,0,1622223496754,134,0.0
1622223497,1.21813,1.21813,0.0,0,1622223497549,134,0.0
1622223499,1.21812,1.21813,0.0,0,1622223499951,130,0.0
1622223500,1.21812,1.21812,0.0,0,1622223500961,4,0.0
1622223503,1.21818,1.21818,0.0,0,1622223503776,134,0.0
1622223504,1.21818,1.2181899999999999,0.0,0,1622223504290,4,0.0
1622223505,1.21825,1.21825,0.0,0,1622223505555,134,0.0
1622223506,1.21826,1.21826,0.0,0,1622223506052,134,0.0
1622223506,1.21822,1.21823,0.0,0,1622223506555,134,0.0
1622223507,1.21822,1.21822,0.0,0,1622223507238,4,0.0
1622223507,1.21823,1.21823,0.0,0,1622223507828,134,0.0
1622223508,1.21822,1.21822,0.0,0,1622223508332,134,0.0
1622223508,1.21822,1.21823,0.0,0,1622223508917,4,0.0
1622223509,1.21826,1.21826,0.0,0,1622223509669,134,0.0
1622223510,1.21823,1.21824,0.0,0,1622223510185,134,0.0
1622223510,1.21823,1.21823,0.0,0,1622223510764,4,0.0
1622223511,1.21825,1.21825,0.0,0,1622223511259,134,0.0
1622223511,1.21823,1.21823,0.0,0,1622223511807,134,0.0
1622223512,1.2182,1.2182,0.0,0,1622223512386,134,0.0
1622223513,1.2181899999999999,1.2182,0.0,0,1622223513457,130,0.0
1622223515,1.2181899999999999,1.2181899999999999,0.0,0,1622223515628,4,0.0
1622223516,1.2182,1.2182,0.0,0,1622223516243,134,0.0
1622223521,1.21821,1.21821,0.0,0,1622223521408,134,0.0
1622223523,1.21822,1.21822,0.0,0,1622223523008,134,0.0
1622223523,1.21823,1.21823,0.0,0,1622223523594,134,0.0
1622223525,1.21822,1.21823,0.0,0,1622223525386,130,0.0
1622223527,1.21821,1.21822,0.0,0,1622223527542,134,0.0
1622223529,1.21822,1.21822,0.0,0,1622223529203,130,0.0
1622223531,1.21818,1.21818,0.0,0,1622223531414,134,0.0
1622223531,1.21816,1.21816,0.0,0,1622223531949,134,0.0
1622223535,1.21817,1.21817,0.0,0,1622223535916,134,0.0
1622223538,1.21808,1.2180900000000001,0.0,0,1622223538341,134,0.0
1622223538,1.21808,1.21808,0.0,0,1622223538840,4,0.0
1622223540,1.21807,1.21808,0.0,0,1622223540387,130,0.0
1622223540,1.21807,1.2180900000000001,0.0,0,1622223540996,4,0.0
1622223541,1.21807,1.21808,0.0,0,1622223541571,4,0.0
1622223542,1.21807,1.21807,0.0,0,1622223542113,4,0.0
1622223546,1.21804,1.21804,0.0,0,1622223546609,134,0.0
1622223547,1.21797,1.21798,0.0,0,1622223547120,134,0.0
1622223547,1.21796,1.21797,0.0,0,1622223547625,134,0.0
1622223548,1.21792,1.21793,0.0,0,1622223548140,134,0.0
1622223548,1.21792,1.21792,0.0,0,1622223548747,4,0.0
1622223551,1.21791,1.21792,0.0,0,1622223551344,130,0.0
1622223553,1.21798,1.21799,0.0,0,1622223553364,134,0.0
1622223554,1.21795,1.21796,0.0,0,1622223554500,134,0.0
1622223555,1.21795,1.21795,0.0,0,1622223555004,4,0.0
1622223555,1.21793,1.21794,0.0,0,1622223555545,134,0.0
1622223556,1.21791,1.21792,0.0,0,1622223556122,134,0.0
1622223557,1.21792,1.21792,0.0,0,1622223557535,130,0.0
1622223559,1.21795,1.21796,0.0,0,1622223559943,134,0.0
1622223560,1.21797,1.21797,0.0,0,1622223560441,134,0.0
1622223561,1.21803,1.21803,0.0,0,1622223561231,134,0.0
1622223561,1.218,1.218,0.0,0,1622223561781,134,0.0
1622223563,1.21799,1.21799,0.0,0,1622223563021,134,0.0
1622223563,1.21797,1.21797,0.0,0,1622223563601,134,0.0
1622223564,1.21798,1.21798,0.0,0,1622223564717,134,0.0
1622223565,1.21797,1.21797,0.0,0,1622223565320,134,0.0
1622223566,1.21796,1.21796,0.0,0,1622223566084,134,0.0
1622223566,1.21795,1.21795,0.0,0,1622223566609,134,0.0
1622223569,1.21795,1.21796,0.0,0,1622223569007,4,0.0
1622223569,1.21792,1.21792,0.0,0,1622223569539,134,0.0
1622223571,1.21791,1.21792,0.0,0,1622223571885,130,0.0
1622223573,1.21795,1.21796,0.0,0,1622223573904,134,0.0
1622223574,1.21794,1.21795,0.0,0,1622223574539,134,0.0
1622223575,1.21792,1.21793,0.0,0,1622223575357,134,0.0
1622223579,1.21791,1.21792,0.0,0,1622223579974,134,0.0
1622223582,1.21787,1.21788,0.0,0,1622223582055,134,0.0
1622223583,1.21787,1.21787,0.0,0,1622223583569,4,0.0
1622223584,1.21784,1.21784,0.0,0,1622223584750,134,0.0
1622223585,1.2178200000000001,1.2178200000000001,0.0,0,1622223585457,134,0.0
1622223586,1.21787,1.21787,0.0,0,1622223586549,134,0.0
1622223587,1.21786,1.21787,0.0,0,1622223587761,130,0.0
1622223592,1.2179,1.2179,0.0,0,1622223592688,134,0.0
1622223593,1.21789,1.2179,0.0,0,1622223593725,130,0.0
1622223595,1.21788,1.21788,0.0,0,1622223595835,134,0.0
1622223596,1.21787,1.21788,0.0,0,1622223596754,130,0.0
1622223597,1.21786,1.21786,0.0,0,1622223597422,134,0.0
1622223597,1.21783,1.21784,0.0,0,1622223597931,134,0.0
1622223598,1.2178200000000001,1.2178200000000001,0.0,0,1622223598563,134,0.0
1622223599,1.21781,1.2178200000000001,0.0,0,1622223599143,130,0.0
1622223600,1.21784,1.21784,0.0,0,1622223600156,134,0.0
1622223600,1.21784,1.2178499999999999,0.0,0,1622223600660,4,0.0
1622223601,1.21783,1.21783,0.0,0,1622223601863,134,0.0
1622223602,1.2178200000000001,1.2178200000000001,0.0,0,1622223602448,134,0.0
1622223603,1.21781,1.2178200000000001,0.0,0,1622223603037,130,0.0
1622223604,1.21784,1.2178499999999999,0.0,0,1622223604327,134,0.0
1622223605,1.2178200000000001,1.21783,0.0,0,1622223605049,134,0.0
1622223605,1.2178200000000001,1.2178200000000001,0.0,0,1622223605629,4,0.0
1622223606,1.21781,1.2178200000000001,0.0,0,1622223606162,130,0.0
1622223607,1.2178200000000001,1.21783,0.0,0,1622223607082,134,0.0
1622223608,1.21776,1.21776,0.0,0,1622223608104,134,0.0
1622223608,1.21776,1.21777,0.0,0,1622223608796,4,0.0
1622223611,1.21773,1.21773,0.0,0,1622223611017,134,0.0
1622223612,1.21774,1.21774,0.0,0,1622223612510,134,0.0
1622223613,1.21776,1.21776,0.0,0,1622223613698,134,0.0
1622223621,1.21776,1.21777,0.0,0,1622223621651,4,0.0
1622223625,1.21773,1.21774,0.0,0,1622223625962,134,0.0
1622223627,1.21774,1.21774,0.0,0,1622223627054,130,0.0
1622223627,1.21775,1.21776,0.0,0,1622223627562,134,0.0
1622223629,1.21776,1.21776,0.0,0,1622223629305,130,0.0
1622223630,1.21776,1.21777,0.0,0,1622223630983,4,0.0
1622223632,1.21775,1.21776,0.0,0,1622223632000,134,0.0
1622223632,1.21776,1.21776,0.0,0,1622223632717,130,0.0
1622223634,1.21775,1.21776,0.0,0,1622223634552,130,0.0
1622223635,1.21775,1.21775,0.0,0,1622223635208,4,0.0
1622223635,1.21774,1.21774,0.0,0,1622223635711,134,0.0
1622223636,1.21775,1.21775,0.0,0,1622223636243,134,0.0
1622223636,1.21776,1.21776,0.0,0,1622223636847,134,0.0
1622223637,1.21775,1.21777,0.0,0,1622223637767,134,0.0
1622223638,1.21775,1.21775,0.0,0,1622223638509,4,0.0
1622223639,1.21772,1.21772,0.0,0,1622223639082,134,0.0
1622223639,1.21771,1.21772,0.0,0,1622223639591,130,0.0
1622223641,1.21772,1.21772,0.0,0,1622223641143,130,0.0
1622223642,1.21771,1.21772,0.0,0,1622223642972,130,0.0
1622223643,1.21772,1.21773,0.0,0,1622223643545,134,0.0
1622223644,1.21772,1.21772,0.0,0,1622223644547,4,0.0
1622223645,1.21773,1.21773,0.0,0,1622223645536,134,0.0
1622223646,1.21772,1.21772,0.0,0,1622223646668,134,0.0
1622223649,1.21772,1.21773,0.0,0,1622223649453,4,0.0
1622223650,1.21783,1.21783,0.0,0,1622223650397,134,0.0
1622223650,1.21786,1.21787,0.0,0,1622223650906,134,0.0
1622223651,1.21787,1.21787,0.0,0,1622223651458,130,0.0
1622223652,1.21792,1.21792,0.0,0,1622223652637,134,0.0
1622223653,1.21794,1.21794,0.0,0,1622223653147,134,0.0
1622223653,1.21789,1.21789,0.0,0,1622223653650,134,0.0
1622223654,1.21792,1.21792,0.0,0,1622223654153,134,0.0
1622223654,1.21791,1.21791,0.0,0,1622223654707,134,0.0
1622223655,1.21791,1.21792,0.0,0,1622223655404,4,0.0
1622223657,1.21792,1.21792,0.0,0,1622223657118,130,0.0
1622223657,1.21797,1.21797,0.0,0,1622223657836,134,0.0
1622223658,1.21803,1.21803,0.0,0,1622223658336,134,0.0
1622223658,1.21805,1.21805,0.0,0,1622223658842,134,0.0
1622223659,1.21806,1.21806,0.0,0,1622223659858,134,0.0
1622223660,1.21807,1.21807,0.0,0,1622223660396,134,0.0
1622223660,1.21806,1.21807,0.0,0,1622223660949,130,0.0
1622223661,1.21807,1.21808,0.0,0,1622223661473,134,0.0
1622223661,1.21806,1.21807,0.0,0,1622223661976,134,0.0
1622223663,1.21811,1.21812,0.0,0,1622223663119,134,0.0
1622223663,1.21808,1.21808,0.0,0,1622223663659,134,0.0
1622223664,1.21811,1.21811,0.0,0,1622223664666,134,0.0
1622223665,1.21812,1.21812,0.0,0,1622223665177,134,0.0
1622223666,1.21811,1.21811,0.0,0,1622223666833,134,0.0
1622223667,1.21808,1.21808,0.0,0,1622223667347,134,0.0
1622223672,1.21813,1.21813,0.0,0,1622223672178,134,0.0
1622223672,1.2180900000000001,1.2180900000000001,0.0,0,1622223672673,134,0.0
1622223673,1.21812,1.21812,0.0,0,1622223673239,134,0.0
1622223675,1.21811,1.21811,0.0,0,1622223675712,134,0.0
1622223677,1.21814,1.21814,0.0,0,1622223677864,134,0.0
1622223678,1.21817,1.21817,0.0,0,1622223678680,134,0.0
1622223679,1.21814,1.21814,0.0,0,1622223679186,134,0.0
1622223679,1.21817,1.21817,0.0,0,1622223679706,134,0.0
1622223682,1.2182,1.2182,0.0,0,1622223682262,134,0.0
1622223683,1.21821,1.21821,0.0,0,1622223683406,134,0.0
1622223684,1.21824,1.21824,0.0,0,1622223684204,134,0.0
1622223684,1.21825,1.21825,0.0,0,1622223684751,134,0.0
1622223685,1.21828,1.21828,0.0,0,1622223685511,134,0.0
1622223686,1.21827,1.21827,0.0,0,1622223686014,134,0.0
1622223686,1.21827,1.21828,0.0,0,1622223686533,4,0.0
1622223687,1.21828,1.21828,0.0,0,1622223687316,130,0.0
1622223687,1.21831,1.21831,0.0,0,1622223687816,134,0.0
1622223688,1.21829,1.21829,0.0,0,1622223688320,134,0.0
1622223691,1.21831,1.21831,0.0,0,1622223691719,134,0.0
1622223692,1.21833,1.21833,0.0,0,1622223692346,134,0.0
1622223692,1.21834,1.21834,0.0,0,1622223692859,134,0.0
1622223693,1.21834,1.21835,0.0,0,1622223693497,4,0.0
1622223696,1.21837,1.21838,0.0,0,1622223696220,134,0.0
1622223697,1.21838,1.21839,0.0,0,1622223697244,134,0.0
1622223698,1.21837,1.21838,0.0,0,1622223698737,134,0.0
1622223699,1.21842,1.21842,0.0,0,1622223699264,134,0.0
1622223699,1.21848,1.21848,0.0,0,1622223699765,134,0.0
1622223700,1.2184300000000001,1.21844,0.0,0,1622223700280,134,0.0
1622223701,1.2184,1.21841,0.0,0,1622223701056,134,0.0
1622223701,1.21847,1.21848,0.0,0,1622223701770,134,0.0
1622223703,1.21849,1.21849,0.0,0,1622223703302,134,0.0
1622223704,1.21853,1.21853,0.0,0,1622223704783,134,0.0
1622223705,1.21848,1.21849,0.0,0,1622223705827,134,0.0
1622223706,1.21848,1.21848,0.0,0,1622223706505,4,0.0
1622223707,1.21844,1.21844,0.0,0,1622223707645,134,0.0
1622223708,1.2184599999999999,1.21847,0.0,0,1622223708771,134,0.0
1622223709,1.21845,1.2184599999999999,0.0,0,1622223709300,134,0.0
1622223710,1.21842,1.2184300000000001,0.0,0,1622223710498,134,0.0
1622223711,1.2184300000000001,1.2184300000000001,0.0,0,1622223711235,130,0.0
1622223711,1.21844,1.21844,0.0,0,1622223711830,134,0.0
1622223712,1.2184599999999999,1.21847,0.0,0,1622223712931,134,0.0
1622223714,1.21847,1.21847,0.0,0,1622223714281,130,0.0
1622223716,1.21852,1.21853,0.0,0,1622223716004,134,0.0
1622223717,1.21858,1.21859,0.0,0,1622223717952,134,0.0
1622223720,1.21862,1.21862,0.0,0,1622223720482,134,0.0
1622223720,1.21858,1.21858,0.0,0,1622223720980,134,0.0
1622223721,1.2185,1.2185,0.0,0,1622223721504,134,0.0
1622223722,1.21848,1.21848,0.0,0,1622223722011,134,0.0
1622223722,1.21853,1.21853,0.0,0,1622223722508,134,0.0
1622223723,1.2185,1.21851,0.0,0,1622223723015,134,0.0
1622223723,1.21849,1.2185,0.0,0,1622223723600,134,0.0
1622223724,1.21851,1.21851,0.0,0,1622223724963,134,0.0
1622223725,1.21851,1.21852,0.0,0,1622223725466,4,0.0
1622223725,1.21845,1.21845,0.0,0,1622223725968,134,0.0
1622223726,1.21851,1.21851,0.0,0,1622223726481,134,0.0
1622223726,1.21855,1.21855,0.0,0,1622223726982,134,0.0
1622223727,1.21857,1.21857,0.0,0,1622223727506,134,0.0
1622223728,1.21857,1.21859,0.0,0,1622223728006,4,0.0
1622223728,1.21857,1.21858,0.0,0,1622223728756,4,0.0
1622223729,1.21862,1.21863,0.0,0,1622223729489,134,0.0
1622223730,1.21862,1.21864,0.0,0,1622223730197,4,0.0
1622223730,1.21862,1.21862,0.0,0,1622223730716,4,0.0
1622223731,1.21862,1.21863,0.0,0,1622223731222,4,0.0
1622223732,1.21863,1.21863,0.0,0,1622223732462,130,0.0
1622223732,1.21863,1.21864,0.0,0,1622223732968,4,0.0
1622223736,1.21862,1.21864,0.0,0,1622223736433,130,0.0
1622223739,1.21854,1.21854,0.0,0,1622223739061,134,0.0
1622223739,1.21853,1.21853,0.0,0,1622223739574,134,0.0
1622223741,1.21855,1.21855,0.0,0,1622223741222,134,0.0
1622223741,1.21855,1.21856,0.0,0,1622223741733,4,0.0
1622223742,1.21853,1.21853,0.0,0,1622223742498,134,0.0
1622223743,1.21847,1.21847,0.0,0,1622223743021,134,0.0
1622223743,1.21848,1.21848,0.0,0,1622223743527,134,0.0
1622223744,1.21851,1.21851,0.0,0,1622223744030,134,0.0
1622223744,1.2185,1.21851,0.0,0,1622223744646,130,0.0
1622223747,1.21849,1.2185,0.0,0,1622223747421,134,0.0
1622223748,1.21849,1.21849,0.0,0,1622223748023,4,0.0
1622223748,1.21848,1.21848,0.0,0,1622223748594,134,0.0
1622223749,1.2185,1.21851,0.0,0,1622223749115,134,0.0
1622223749,1.2185,1.2185,0.0,0,1622223749664,4,0.0
1622223751,1.21848,1.21848,0.0,0,1622223751849,134,0.0
1622223752,1.2185,1.2185,0.0,0,1622223752359,134,0.0
1622223753,1.21848,1.21848,0.0,0,1622223753904,134,0.0
1622223756,1.21849,1.21849,0.0,0,1622223756501,134,0.0
1622223757,1.21848,1.21849,0.0,0,1622223757101,130,0.0
1622223757,1.21849,1.21849,0.0,0,1622223757732,130,0.0
1622223758,1.21848,1.21849,0.0,0,1622223758293,130,0.0
1622223759,1.21849,1.21849,0.0,0,1622223759934,130,0.0
1622223762,1.21848,1.21849,0.0,0,1622223762258,130,0.0
1622223762,1.21848,1.21848,0.0,0,1622223762944,4,0.0
1622223763,1.2184300000000001,1.2184300000000001,0.0,0,1622223763462,134,0.0
1622223764,1.21842,1.2184300000000001,0.0,0,1622223764466,130,0.0
1622223767,1.21842,1.21842,0.0,0,1622223767173,4,0.0
1622223768,1.21849,1.21849,0.0,0,1622223768431,134,0.0
1622223768,1.21848,1.21849,0.0,0,1622223768987,130,0.0
1622223772,1.2184300000000001,1.2184300000000001,0.0,0,1622223772072,134,0.0
1622223773,1.21842,1.21842,0.0,0,1622223773900,134,0.0
1622223775,1.21839,1.21839,0.0,0,1622223775480,134,0.0
1622223778,1.21837,1.21837,0.0,0,1622223778532,134,0.0
1622223779,1.21836,1.21837,0.0,0,1622223779035,130,0.0
1622223780,1.21842,1.2184300000000001,0.0,0,1622223780750,134,0.0
1622223781,1.21842,1.21842,0.0,0,1622223781432,4,0.0
1622223782,1.21842,1.2184300000000001,0.0,0,1622223782787,4,0.0
1622223783,1.21842,1.21842,0.0,0,1622223783334,4,0.0
1622223786,1.21842,1.2184300000000001,0.0,0,1622223786905,4,0.0
1622223787,1.21841,1.21841,0.0,0,1622223787574,134,0.0
1622223789,1.21841,1.21842,0.0,0,1622223789246,4,0.0
1622223789,1.21842,1.21842,0.0,0,1622223789984,130,0.0
1622223791,1.21842,1.2184300000000001,0.0,0,1622223791132,4,0.0
1622223791,1.2184,1.2184,0.0,0,1622223791720,134,0.0
1622223792,1.21839,1.21839,0.0,0,1622223792274,134,0.0
1622223792,1.2184,1.21841,0.0,0,1622223792835,134,0.0
1622223793,1.21841,1.21841,0.0,0,1622223793361,130,0.0
1622223794,1.21842,1.21842,0.0,0,1622223794243,134,0.0
1622223795,1.2184300000000001,1.21844,0.0,0,1622223795424,134,0.0
1622223796,1.21844,1.21844,0.0,0,1622223796489,130,0.0
1622223797,1.2184599999999999,1.21847,0.0,0,1622223797033,134,0.0
1622223798,1.2184599999999999,1.2184599999999999,0.0,0,1622223798646,4,0.0
1622223799,1.21845,1.2184599999999999,0.0,0,1622223799454,130,0.0
1622223801,1.21847,1.21847,0.0,0,1622223801990,134,0.0
1622223806,1.21847,1.21848,0.0,0,1622223806839,4,0.0
1622223807,1.2185,1.2185,0.0,0,1622223807383,134,0.0
1622223807,1.21851,1.21851,0.0,0,1622223807885,134,0.0
1622223808,1.21852,1.21853,0.0,0,1622223808416,134,0.0
1622223810,1.21853,1.21853,0.0,0,1622223810331,130,0.0
1622223812,1.21855,1.21855,0.0,0,1622223812593,134,0.0
1622223813,1.21858,1.21858,0.0,0,1622223813105,134,0.0
1622223813,1.21863,1.21863,0.0,0,1622223813663,134,0.0
1622223815,1.21862,1.21862,0.0,0,1622223815837,134,0.0
1622223816,1.21863,1.21863,0.0,0,1622223816441,134,0.0
1622223818,1.21862,1.21862,0.0,0,1622223818048,134,0.0
1622223818,1.21861,1.21861,0.0,0,1622223818568,134,0.0
1622223819,1.21858,1.21859,0.0,0,1622223819096,134,0.0
1622223820,1.21858,1.21858,0.0,0,1622223820354,4,0.0
1622223822,1.21858,1.21859,0.0,0,1622223822556,4,0.0
1622223823,1.21862,1.21863,0.0,0,1622223823087,134,0.0
1622223823,1.21863,1.21864,0.0,0,1622223823958,134,0.0
1622223828,1.2186,1.2186,0.0,0,1622223828393,134,0.0
1622223828,1.21857,1.21858,0.0,0,1622223828899,134,0.0
1622223830,1.21863,1.21863,0.0,0,1622223830555,134,0.0
1622223836,1.21858,1.21858,0.0,0,1622223836268,134,0.0
1622223840,1.21858,1.2186,0.0,0,1622223840265,134,0.0
1622223840,1.21858,1.21859,0.0,0,1622223840870,4,0.0
1622223842,1.21859,1.2186,0.0,0,1622223842026,134,0.0
1622223842,1.21863,1.21863,0.0,0,1622223842628,134,0.0
1622223843,1.21864,1.21864,0.0,0,1622223843150,134,0.0
1622223844,1.21863,1.21863,0.0,0,1622223844933,134,0.0
1622223845,1.21862,1.21863,0.0,0,1622223845483,130,0.0
1622223846,1.21862,1.21862,0.0,0,1622223846185,4,0.0
1622223847,1.21867,1.21867,0.0,0,1622223847828,134,0.0
1622223848,1.21866,1.21866,0.0,0,1622223848329,134,0.0
1622223850,1.21868,1.21868,0.0,0,1622223850391,134,0.0
1622223850,1.21872,1.21873,0.0,0,1622223850918,134,0.0
1622223851,1.21873,1.21874,0.0,0,1622223851630,134,0.0
1622223852,1.21877,1.21877,0.0,0,1622223852170,134,0.0
1622223852,1.21874,1.21875,0.0,0,1622223852670,134,0.0
1622223854,1.21873,1.21875,0.0,0,1622223854034,130,0.0
1622223854,1.21873,1.21874,0.0,0,1622223854900,4,0.0
1622223856,1.21873,1.21873,0.0,0,1622223856953,4,0.0
1622223858,1.21877,1.21877,0.0,0,1622223858425,134,0.0
1622223858,1.21868,1.21869,0.0,0,1622223858945,134,0.0
1622223865,1.21863,1.21864,0.0,0,1622223865493,134,0.0
1622223867,1.21867,1.21867,0.0,0,1622223867447,134,0.0
1622223867,1.21866,1.21867,0.0,0,1622223867962,130,0.0
1622223870,1.2186,1.2186,0.0,0,1622223870634,134,0.0
1622223871,1.21859,1.2186,0.0,0,1622223871141,130,0.0
1622223873,1.21857,1.21857,0.0,0,1622223873597,134,0.0
1622223880,1.21856,1.21857,0.0,0,1622223880367,130,0.0
1622223881,1.21857,1.21857,0.0,0,1622223881220,130,0.0
1622223882,1.21856,1.21857,0.0,0,1622223882172,130,0.0
1622223883,1.2186,1.2186,0.0,0,1622223883581,134,0.0
1622223884,1.21857,1.21857,0.0,0,1622223884109,134,0.0
1622223884,1.21865,1.21865,0.0,0,1622223884624,134,0.0
1622223885,1.21866,1.21866,0.0,0,1622223885133,134,0.0
1622223885,1.21867,1.21867,0.0,0,1622223885941,134,0.0
1622223886,1.21864,1.21864,0.0,0,1622223886514,134,0.0
1622223887,1.21863,1.21863,0.0,0,1622223887078,134,0.0
1622223887,1.21862,1.21863,0.0,0,1622223887624,130,0.0
1622223890,1.21855,1.21855,0.0,0,1622223890325,134,0.0
1622223894,1.21852,1.21852,0.0,0,1622223894724,134,0.0
1622223900,1.21852,1.21852,0.0,0,1622223900221,130,0.0
1622223900,1.21852,1.21853,0.0,0,1622223900936,4,0.0
1622223901,1.21852,1.21852,0.0,0,1622223901532,4,0.0
1622223903,1.21851,1.21851,0.0,0,1622223903149,134,0.0
1622223903,1.2185,1.21852,0.0,0,1622223903968,134,0.0
1622223904,1.21851,1.21852,0.0,0,1622223904490,130,0.0
1622223906,1.2184599999999999,1.21847,0.0,0,1622223906045,134,0.0
1622223909,1.21842,1.21842,0.0,0,1622223909026,134,0.0
1622223909,1.21847,1.21847,0.0,0,1622223909531,134,0.0
1622223910,1.21844,1.21845,0.0,0,1622223910030,134,0.0
1622223910,1.21844,1.21844,0.0,0,1622223910624,4,0.0
1622223911,1.2184599999999999,1.2184599999999999,0.0,0,1622223911130,134,0.0
1622223911,1.2184599999999999,1.21847,0.0,0,1622223911636,4,0.0
1622223912,1.2184599999999999,1.2184599999999999,0.0,0,1622223912234,4,0.0
1622223912,1.21845,1.21847,0.0,0,1622223912917,134,0.0
1622223913,1.2184599999999999,1.21847,0.0,0,1622223913483,130,0.0
1622223914,1.2184599999999999,1.2184599999999999,0.0,0,1622223914336,4,0.0
1622223914,1.21848,1.21848,0.0,0,1622223914975,134,0.0
1622223916,1.2184599999999999,1.21847,0.0,0,1622223916839,134,0.0
1622223917,1.21845,1.2184599999999999,0.0,0,1622223917349,134,0.0
1622223918,1.21845,1.21845,0.0,0,1622223918752,4,0.0
1622223919,1.2184599999999999,1.21847,0.0,0,1622223919364,134,0.0
1622223919,1.21845,1.21847,0.0,0,1622223919865,130,0.0
1622223920,1.2184599999999999,1.21847,0.0,0,1622223920645,130,0.0
1622223921,1.21845,1.21847,0.0,0,1622223921583,130,0.0
1622223926,1.21847,1.21847,0.0,0,1622223926856,130,0.0
1622223928,1.21836,1.21836,0.0,0,1622223928067,134,0.0
1622223928,1.21832,1.21833,0.0,0,1622223928588,134,0.0
1622223929,1.21829,1.2183,0.0,0,1622223929107,134,0.0
1622223929,1.21827,1.21828,0.0,0,1622223929647,134,0.0
1622223931,1.21825,1.21825,0.0,0,1622223931193,134,0.0
1622223931,1.21821,1.21822,0.0,0,1622223931696,134,0.0
1622223932,1.21822,1.21822,0.0,0,1622223932221,130,0.0
1622223933,1.21821,1.21822,0.0,0,1622223933218,130,0.0
1622223934,1.2181899999999999,1.2181899999999999,0.0,0,1622223934186,134,0.0
1622223934,1.21817,1.21817,0.0,0,1622223934828,134,0.0
1622223936,1.2182,1.2182,0.0,0,1622223936198,134,0.0
1622223936,1.21821,1.21822,0.0,0,1622223936729,134,0.0
1622223937,1.21816,1.21817,0.0,0,1622223937408,134,0.0
1622223940,1.21815,1.21817,0.0,0,1622223940633,130,0.0
1622223942,1.21816,1.21817,0.0,0,1622223942439,130,0.0
1622223943,1.21812,1.21812,0.0,0,1622223943213,134,0.0
1622223943,1.21811,1.21812,0.0,0,1622223943769,130,0.0
1622223944,1.21812,1.21812,0.0,0,1622223944742,130,0.0
1622223945,1.21816,1.21816,0.0,0,1622223945257,134,0.0
1622223945,1.21817,1.21817,0.0,0,1622223945837,134,0.0
1622223947,1.21812,1.21813,0.0,0,1622223947154,134,0.0
1622223947,1.21812,1.21812,0.0,0,1622223947773,4,0.0
1622223948,1.21811,1.21812,0.0,0,1622223948409,130,0.0
1622223949,1.21814,1.21814,0.0,0,1622223949320,134,0.0
1622223950,1.21813,1.21813,0.0,0,1622223950503,134,0.0
1622223951,1.21811,1.21811,0.0,0,1622223951014,134,0.0
1622223956,1.21807,1.21807,0.0,0,1622223956212,134,0.0
1622223957,1.2180900000000001,1.2180900000000001,0.0,0,1622223957490,134,0.0
1622223958,1.2181,1.2181,0.0,0,1622223958025,134,0.0
1622223960,1.21808,1.21808,0.0,0,1622223960302,134,0.0
1622223960,1.21812,1.21812,0.0,0,1622223960809,134,0.0
1622223961,1.21814,1.21814,0.0,0,1622223961912,134,0.0
1622223962,1.21813,1.21813,0.0,0,1622223962424,134,0.0
1622223963,1.2180900000000001,1.2180900000000001,0.0,0,1622223963654,134,0.0
1622223964,1.21811,1.21811,0.0,0,1622223964345,134,0.0
1622223965,1.21813,1.21813,0.0,0,1622223965426,134,0.0
1622223965,1.21815,1.21815,0.0,0,1622223965950,134,0.0
1622223966,1.21814,1.21814,0.0,0,1622223966457,134,0.0
1622223967,1.21814,1.21815,0.0,0,1622223967483,4,0.0
1622223968,1.21818,1.21818,0.0,0,1622223968071,134,0.0
1622223968,1.21822,1.21822,0.0,0,1622223968577,134,0.0
1622223969,1.21823,1.21823,0.0,0,1622223969742,134,0.0
1622223971,1.21825,1.21825,0.0,0,1622223971345,134,0.0
1622223972,1.21824,1.21825,0.0,0,1622223972383,130,0.0
1622223972,1.21823,1.21823,0.0,0,1622223972919,134,0.0
1622223975,1.21822,1.21823,0.0,0,1622223975174,130,0.0
1622223975,1.21822,1.21824,0.0,0,1622223975795,4,0.0
1622223976,1.21823,1.21823,0.0,0,1622223976416,134,0.0
1622223976,1.2182,1.2182,0.0,0,1622223976958,134,0.0
1622223977,1.21815,1.21815,0.0,0,1622223977460,134,0.0
1622223977,1.21816,1.21816,0.0,0,1622223977964,134,0.0
1622223981,1.21814,1.21815,0.0,0,1622223981798,134,0.0
1622223985,1.21812,1.21812,0.0,0,1622223985598,134,0.0
1622223986,1.21812,1.21813,0.0,0,1622223986175,4,0.0
1622223987,1.21812,1.21812,0.0,0,1622223987432,4,0.0
1622223987,1.21813,1.21813,0.0,0,1622223987987,134,0.0
1622223988,1.21812,1.21813,0.0,0,1622223988499,130,0.0
1622223990,1.21817,1.21817,0.0,0,1622223990107,134,0.0
1622223991,1.21821,1.21822,0.0,0,1622223991816,134,0.0
1622223993,1.21822,1.21822,0.0,0,1622223993520,130,0.0
1622223994,1.21828,1.21828,0.0,0,1622223994548,134,0.0
1622223995,1.2183,1.21831,0.0,0,1622223995160,134,0.0
1622223997,1.2183,1.2183,0.0,0,1622223997466,4,0.0
1622223997,1.21829,1.2183,0.0,0,1622223997968,130,0.0
1622223999,1.2183,1.2183,0.0,0,1622223999897,130,0.0
1622224001,1.21829,1.21829,0.0,0,1622224001091,134,0.0
1622224001,1.21831,1.21831,0.0,0,1622224001589,134,0.0
1622224002,1.21828,1.21829,0.0,0,1622224002091,134,0.0
1622224002,1.21832,1.21832,0.0,0,1622224002619,134,0.0
1622224003,1.21833,1.21833,0.0,0,1622224003123,134,0.0
1622224004,1.21832,1.21833,0.0,0,1622224004304,130,0.0
1622224006,1.21838,1.21838,0.0,0,1622224006569,134,0.0
1622224007,1.21839,1.21839,0.0,0,1622224007071,134,0.0
1622224007,1.21841,1.21841,0.0,0,1622224007670,134,0.0
1622224008,1.2184300000000001,1.21844,0.0,0,1622224008675,134,0.0
1622224009,1.2184300000000001,1.2184300000000001,0.0,0,1622224009429,4,0.0
1622224011,1.21842,1.2184300000000001,0.0,0,1622224011022,130,0.0
1622224011,1.21842,1.21842,0.0,0,1622224011529,4,0.0
1622224013,1.21841,1.21842,0.0,0,1622224013586,130,0.0
1622224014,1.21841,1.21841,0.0,0,1622224014461,4,0.0
1622224014,1.21841,1.21842,0.0,0,1622224014976,4,0.0
1622224016,1.21841,1.21841,0.0,0,1622224016887,4,0.0
1622224018,1.2184,1.2184,0.0,0,1622224018977,134,0.0
1622224019,1.21836,1.21836,0.0,0,1622224019484,134,0.0
1622224019,1.21836,1.21837,0.0,0,1622224019986,4,0.0
1622224021,1.2184,1.2184,0.0,0,1622224021153,134,0.0
1622224021,1.21839,1.2184,0.0,0,1622224021660,130,0.0
1622224022,1.2184,1.21841,0.0,0,1622224022184,134,0.0
1622224023,1.21841,1.21841,0.0,0,1622224023352,130,0.0
1622224024,1.21841,1.21842,0.0,0,1622224024148,4,0.0
1622224025,1.2184300000000001,1.2184300000000001,0.0,0,1622224025047,134,0.0
1622224025,1.21842,1.2184300000000001,0.0,0,1622224025730,130,0.0
1622224027,1.21842,1.21842,0.0,0,1622224027073,4,0.0
1622224029,1.2184300000000001,1.21844,0.0,0,1622224029275,134,0.0
1622224029,1.21847,1.21847,0.0,0,1622224029778,134,0.0
1622224030,1.21847,1.21848,0.0,0,1622224030854,4,0.0
1622224033,1.21844,1.21845,0.0,0,1622224033228,134,0.0
1622224034,1.21837,1.21838,0.0,0,1622224034259,134,0.0
1622224040,1.21837,1.21837,0.0,0,1622224040773,4,0.0
1622224041,1.21837,1.21838,0.0,0,1622224041271,4,0.0
1622224043,1.21837,1.21837,0.0,0,1622224043798,4,0.0
1622224046,1.21835,1.21836,0.0,0,1622224046815,134,0.0
1622224047,1.21836,1.21836,0.0,0,1622224047346,130,0.0
1622224047,1.21837,1.21838,0.0,0,1622224047848,134,0.0
1622224052,1.21838,1.21839,0.0,0,1622224052159,134,0.0
1622224053,1.21839,1.21839,0.0,0,1622224053479,130,0.0
1622224053,1.21838,1.21839,0.0,0,1622224053985,130,0.0
1622224054,1.21837,1.21837,0.0,0,1622224054798,134,0.0
1622224057,1.21832,1.21833,0.0,0,1622224057020,134,0.0
1622224057,1.21831,1.21831,0.0,0,1622224057717,134,0.0
1622224058,1.21831,1.21832,0.0,0,1622224058256,4,0.0
1622224058,1.21831,1.21831,0.0,0,1622224058803,4,0.0
1622224060,1.21833,1.21833,0.0,0,1622224060462,134,0.0
1622224060,1.21833,1.21834,0.0,0,1622224060958,4,0.0
1622224061,1.21832,1.21833,0.0,0,1622224061557,134,0.0
1622224063,1.21837,1.21837,0.0,0,1622224063724,134,0.0
1622224064,1.21836,1.21837,0.0,0,1622224064794,130,0.0
1622224066,1.21827,1.21828,0.0,0,1622224066246,134,0.0
1622224066,1.21828,1.21828,0.0,0,1622224066887,130,0.0
1622224067,1.21831,1.21831,0.0,0,1622224067396,134,0.0
1622224067,1.21831,1.21832,0.0,0,1622224067905,4,0.0
1622224069,1.21829,1.2183,0.0,0,1622224069010,134,0.0
1622224069,1.21828,1.21829,0.0,0,1622224069557,134,0.0
1622224070,1.21826,1.21828,0.0,0,1622224070750,134,0.0
1622224072,1.21827,1.21828,0.0,0,1622224072461,130,0.0
1622224073,1.21828,1.21828,0.0,0,1622224073582,130,0.0
1622224075,1.21824,1.21825,0.0,0,1622224075779,134,0.0
1622224076,1.21824,1.21824,0.0,0,1622224076380,4,0.0
1622224077,1.21826,1.21827,0.0,0,1622224077428,134,0.0
1622224077,1.21831,1.21831,0.0,0,1622224077978,134,0.0
1622224078,1.21832,1.21832,0.0,0,1622224078539,134,0.0
1622224079,1.21829,1.2183,0.0,0,1622224079297,134,0.0
1622224080,1.21829,1.2183,0.0,0,1622224080126,130,0.0
1622224081,1.21829,1.21829,0.0,0,1622224081549,4,0.0
1622224082,1.21832,1.21832,0.0,0,1622224082777,134,0.0
1622224083,1.21831,1.21832,0.0,0,1622224083369,130,0.0
1622224088,1.21831,1.21831,0.0,0,1622224088691,4,0.0
1622224090,1.21837,1.21837,0.0,0,1622224090910,134,0.0
1622224091,1.21845,1.21845,0.0,0,1622224091409,134,0.0
1622224091,1.21851,1.21851,0.0,0,1622224091920,134,0.0
1622224092,1.21853,1.21853,0.0,0,1622224092419,134,0.0
1622224093,1.21848,1.21849,0.0,0,1622224093605,134,0.0
1622224094,1.21849,1.21849,0.0,0,1622224094114,130,0.0
1622224094,1.21847,1.21848,0.0,0,1622224094848,134,0.0
1622224095,1.21848,1.21848,0.0,0,1622224095962,130,0.0
1622224096,1.21849,1.21849,0.0,0,1622224096764,134,0.0
1622224097,1.21851,1.21851,0.0,0,1622224097458,134,0.0
1622224098,1.21851,1.21852,0.0,0,1622224098005,4,0.0
1622224098,1.21848,1.21849,0.0,0,1622224098557,134,0.0
1622224100,1.2184599999999999,1.2184599999999999,0.0,0,1622224100717,134,0.0
1622224101,1.2184300000000001,1.2184300000000001,0.0,0,1622224101214,134,0.0
1622224101,1.21836,1.21836,0.0,0,1622224101777,134,0.0
1622224102,1.21835,1.21835,0.0,0,1622224102344,134,0.0
1622224102,1.21832,1.21832,0.0,0,1622224102846,134,0.0
1622224104,1.21832,1.21833,0.0,0,1622224104505,4,0.0
1622224105,1.21836,1.21837,0.0,0,1622224105343,134,0.0
1622224105,1.21833,1.21833,0.0,0,1622224105956,134,0.0
1622224106,1.21829,1.21829,0.0,0,1622224106461,134,0.0
1622224106,1.21828,1.21828,0.0,0,1622224106968,134,0.0
1622224107,1.21823,1.21823,0.0,0,1622224107509,134,0.0
1622224109,1.21826,1.21826,0.0,0,1622224109280,134,0.0
1622224109,1.21829,1.21829,0.0,0,1622224109828,134,0.0
1622224111,1.2183,1.2183,0.0,0,1622224111434,134,0.0
1622224113,1.21837,1.21837,0.0,0,1622224113253,134,0.0
1622224113,1.21834,1.21834,0.0,0,1622224113831,134,0.0
1622224115,1.21834,1.21835,0.0,0,1622224115129,4,0.0
1622224115,1.21832,1.21832,0.0,0,1622224115685,134,0.0
1622224116,1.21828,1.21829,0.0,0,1622224116209,134,0.0
1622224116,1.21828,1.21828,0.0,0,1622224116715,4,0.0
1622224121,1.21827,1.21827,0.0,0,1622224121701,134,0.0
1622224122,1.21827,1.21828,0.0,0,1622224122207,4,0.0
1622224125,1.2181899999999999,1.2181899999999999,0.0,0,1622224125222,134,0.0
1622224125,1.21811,1.21811,0.0,0,1622224125725,134,0.0
1622224126,1.2181,1.2181,0.0,0,1622224126229,134,0.0
1622224126,1.2180900000000001,1.2181,0.0,0,1622224126734,130,0.0
1622224127,1.21814,1.21814,0.0,0,1622224127551,134,0.0
1622224128,1.21817,1.2181899999999999,0.0,0,1622224128062,134,0.0
1622224128,1.21817,1.21817,0.0,0,1622224128634,4,0.0
1622224129,1.21818,1.21818,0.0,0,1622224129154,134,0.0
1622224129,1.21821,1.21821,0.0,0,1622224129683,134,0.0
1622224132,1.21821,1.21822,0.0,0,1622224132011,4,0.0
1622224133,1.21821,1.21821,0.0,0,1622224133494,4,0.0
1622224134,1.2181899999999999,1.2181899999999999,0.0,0,1622224134002,134,0.0
1622224134,1.21817,1.21818,0.0,0,1622224134506,134,0.0
1622224135,1.21818,1.21818,0.0,0,1622224135383,130,0.0
1622224135,1.21817,1.21818,0.0,0,1622224135926,130,0.0
1622224137,1.21816,1.21817,0.0,0,1622224137188,134,0.0
1622224137,1.21815,1.21815,0.0,0,1622224137728,134,0.0
1622224138,1.21816,1.21817,0.0,0,1622224138402,134,0.0
1622224139,1.21814,1.21816,0.0,0,1622224139412,134,0.0
1622224140,1.21814,1.21815,0.0,0,1622224140129,134,0.0
1622224143,1.21811,1.21812,0.0,0,1622224143234,134,0.0
1622224143,1.21812,1.21812,0.0,0,1622224143773,130,0.0
1622224144,1.2181,1.2181,0.0,0,1622224144718,134,0.0
1622224145,1.21805,1.21805,0.0,0,1622224145230,134,0.0
1622224145,1.21802,1.21803,0.0,0,1622224145732,134,0.0
1622224146,1.21804,1.21804,0.0,0,1622224146315,134,0.0
1622224147,1.21807,1.21807,0.0,0,1622224147858,134,0.0
1622224148,1.21806,1.21806,0.0,0,1622224148386,134,0.0
1622224148,1.21804,1.21805,0.0,0,1622224148934,134,0.0
1622224149,1.21805,1.21805,0.0,0,1622224149599,130,0.0
1622224150,1.21802,1.21803,0.0,0,1622224150113,134,0.0
1622224150,1.218,1.218,0.0,0,1622224150704,134,0.0
1622224152,1.21797,1.21797,0.0,0,1622224152725,134,0.0
1622224153,1.21796,1.21796,0.0,0,1622224153822,134,0.0
1622224154,1.21797,1.21797,0.0,0,1622224154335,134,0.0
1622224155,1.21791,1.21792,0.0,0,1622224155498,134,0.0
1622224156,1.2178499999999999,1.21786,0.0,0,1622224156135,134,0.0
1622224156,1.21784,1.21784,0.0,0,1622224156636,134,0.0
1622224157,1.21783,1.21783,0.0,0,1622224157141,134,0.0
1622224157,1.2178200000000001,1.2178200000000001,0.0,0,1622224157675,134,0.0
1622224159,1.21778,1.21779,0.0,0,1622224159227,134,0.0
1622224160,1.21777,1.21778,0.0,0,1622224160013,134,0.0
1622224161,1.2178200000000001,1.2178200000000001,0.0,0,1622224161292,134,0.0
1622224162,1.21783,1.21783,0.0,0,1622224162490,134,0.0
1622224164,1.2178200000000001,1.21783,0.0,0,1622224164421,130,0.0
1622224165,1.21781,1.21783,0.0,0,1622224165014,130,0.0
1622224166,1.21787,1.21788,0.0,0,1622224166235,134,0.0
1622224167,1.2178200000000001,1.21783,0.0,0,1622224167960,134,0.0
1622224168,1.2178200000000001,1.2178200000000001,0.0,0,1622224168522,4,0.0
1622224171,1.21781,1.21781,0.0,0,1622224171391,134,0.0
1622224171,1.21777,1.21778,0.0,0,1622224171894,134,0.0
1622224172,1.21777,1.21777,0.0,0,1622224172783,4,0.0
1622224173,1.21777,1.21778,0.0,0,1622224173872,4,0.0
1622224176,1.21773,1.21773,0.0,0,1622224176779,134,0.0
1622224177,1.21776,1.21776,0.0,0,1622224177381,134,0.0
1622224177,1.21775,1.21775,0.0,0,1622224177880,134,0.0
1622224178,1.21777,1.21777,0.0,0,1622224178466,134,0.0
1622224179,1.21781,1.21781,0.0,0,1622224179052,134,0.0
1622224179,1.2178200000000001,1.21783,0.0,0,1622224179549,134,0.0
1622224180,1.2178200000000001,1.2178200000000001,0.0,0,1622224180317,4,0.0
1622224180,1.2178200000000001,1.21783,0.0,0,1622224180871,4,0.0
1622224181,1.21781,1.2178200000000001,0.0,0,1622224181438,134,0.0
1622224182,1.21783,1.21783,0.0,0,1622224182493,134,0.0
1622224182,1.21781,1.21781,0.0,0,1622224182996,134,0.0
1622224183,1.2178,1.2178,0.0,0,1622224183578,134,0.0
1622224184,1.2178200000000001,1.2178200000000001,0.0,0,1622224184081,134,0.0
1622224186,1.2178499999999999,1.2178499999999999,0.0,0,1622224186111,134,0.0
1622224186,1.21784,1.21784,0.0,0,1622224186622,134,0.0
1622224187,1.21783,1.21784,0.0,0,1622224187123,130,0.0
1622224187,1.2178200000000001,1.2178200000000001,0.0,0,1622224187694,134,0.0
1622224188,1.21783,1.21784,0.0,0,1622224188189,134,0.0
1622224188,1.21783,1.21783,0.0,0,1622224188691,4,0.0
1622224189,1.2178200000000001,1.21783,0.0,0,1622224189199,130,0.0
1622224189,1.21781,1.21781,0.0,0,1622224189734,134,0.0
1622224190,1.2178200000000001,1.2178200000000001,0.0,0,1622224190357,134,0.0
1622224190,1.21778,1.21778,0.0,0,1622224190880,134,0.0
1622224193,1.21777,1.21777,0.0,0,1622224193065,134,0.0
1622224198,1.21776,1.21777,0.0,0,1622224198852,130,0.0
1622224199,1.21777,1.21777,0.0,0,1622224199890,130,0.0
1622224200,1.21778,1.21778,0.0,0,1622224200400,134,0.0
1622224200,1.21774,1.21774,0.0,0,1622224200903,134,0.0
1622224202,1.21777,1.21778,0.0,0,1622224202686,134,0.0
1622224205,1.21787,1.21787,0.0,0,1622224205569,134,0.0
1622224207,1.21788,1.21788,0.0,0,1622224207632,134,0.0
1622224208,1.21794,1.21794,0.0,0,1622224208149,134,0.0
1622224208,1.21793,1.21793,0.0,0,1622224208655,134,0.0
1622224209,1.21796,1.21796,0.0,0,1622224209164,134,0.0
1622224209,1.21798,1.21798,0.0,0,1622224209666,134,0.0
1622224210,1.218,1.218,0.0,0,1622224210235,134,0.0
1622224210,1.21793,1.21793,0.0,0,1622224210756,134,0.0
1622224212,1.21797,1.21797,0.0,0,1622224212831,134,0.0
1622224213,1.21801,1.21802,0.0,0,1622224213331,134,0.0
1622224213,1.21802,1.21802,0.0,0,1622224213859,130,0.0
1622224214,1.21811,1.21811,0.0,0,1622224214418,134,0.0
1622224214,1.21813,1.21814,0.0,0,1622224214925,134,0.0
1622224215,1.21812,1.21812,0.0,0,1622224215633,134,0.0
1622224216,1.21808,1.21808,0.0,0,1622224216138,134,0.0
1622224217,1.21811,1.21812,0.0,0,1622224217787,134,0.0
1622224218,1.21812,1.21814,0.0,0,1622224218387,134,0.0
1622224218,1.2180900000000001,1.2180900000000001,0.0,0,1622224218902,134,0.0
1622224219,1.2180900000000001,1.2181,0.0,0,1622224219419,4,0.0
1622224219,1.2180900000000001,1.2180900000000001,0.0,0,1622224219960,4,0.0
1622224221,1.21808,1.21808,0.0,0,1622224221021,134,0.0
1622224222,1.21807,1.21807,0.0,0,1622224222022,134,0.0
1622224222,1.21812,1.21812,0.0,0,1622224222597,134,0.0
1622224223,1.21816,1.21816,0.0,0,1622224223616,134,0.0
1622224224,1.21817,1.21817,0.0,0,1622224224120,134,0.0
1622224224,1.21816,1.21816,0.0,0,1622224224629,134,0.0
1622224225,1.21815,1.21816,0.0,0,1622224225134,130,0.0
1622224225,1.21816,1.21816,0.0,0,1622224225646,130,0.0
1622224227,1.21813,1.21814,0.0,0,1622224227374,134,0.0
1622224228,1.21813,1.21813,0.0,0,1622224228745,4,0.0
1622224229,1.21814,1.21814,0.0,0,1622224229341,134,0.0
1622224230,1.2180900000000001,1.2181,0.0,0,1622224230514,134,0.0
1622224231,1.2180900000000001,1.2180900000000001,0.0,0,1622224231116,4,0.0
1622224235,1.21806,1.21806,0.0,0,1622224235019,134,0.0
1622224235,1.21804,1.21804,0.0,0,1622224235545,134,0.0
1622224236,1.21798,1.21798,0.0,0,1622224236197,134,0.0
1622224237,1.21801,1.21801,0.0,0,1622224237825,134,0.0
1622224238,1.21801,1.21802,0.0,0,1622224238350,4,0.0
1622224238,1.218,1.218,0.0,0,1622224238987,134,0.0
1622224239,1.21802,1.21802,0.0,0,1622224239522,134,0.0
1622224240,1.2180900000000001,1.2180900000000001,0.0,0,1622224240208,134,0.0
1622224243,1.21808,1.21808,0.0,0,1622224243999,134,0.0
1622224245,1.21804,1.21804,0.0,0,1622224245061,134,0.0
1622224246,1.21803,1.21803,0.0,0,1622224246088,134,0.0
1622224247,1.21804,1.21804,0.0,0,1622224247270,134,0.0
1622224249,1.21804,1.21805,0.0,0,1622224249344,4,0.0
1622224250,1.21812,1.21813,0.0,0,1622224250447,134,0.0
1622224250,1.21811,1.21812,0.0,0,1622224250961,134,0.0
1622224252,1.21814,1.21815,0.0,0,1622224252370,134,0.0
1622224253,1.21813,1.21815,0.0,0,1622224253996,130,0.0
1622224255,1.21817,1.21817,0.0,0,1622224255003,134,0.0
1622224255,1.2181899999999999,1.2182,0.0,0,1622224255506,134,0.0
1622224256,1.21823,1.21824,0.0,0,1622224256704,134,0.0
1622224257,1.21824,1.21825,0.0,0,1622224257345,134,0.0
1622224258,1.21825,1.21826,0.0,0,1622224258243,134,0.0
1622224258,1.21828,1.21828,0.0,0,1622224258760,134,0.0
1622224259,1.21827,1.21828,0.0,0,1622224259260,130,0.0
1622224259,1.21827,1.21827,0.0,0,1622224259882,4,0.0
1622224260,1.21824,1.21824,0.0,0,1622224260475,134,0.0
1622224261,1.21823,1.21823,0.0,0,1622224261581,134,0.0
1622224263,1.21823,1.21825,0.0,0,1622224263370,4,0.0
1622224264,1.21823,1.21824,0.0,0,1622224264083,4,0.0
1622224264,1.21823,1.21823,0.0,0,1622224264696,4,0.0
1622224265,1.21824,1.21825,0.0,0,1622224265296,134,0.0
1622224266,1.21827,1.21828,0.0,0,1622224266672,134,0.0
1622224267,1.21828,1.21829,0.0,0,1622224267460,134,0.0
1622224268,1.21827,1.21828,0.0,0,1622224268606,134,0.0
1622224270,1.21825,1.21825,0.0,0,1622224270771,134,0.0
1622224271,1.21822,1.21822,0.0,0,1622224271781,134,0.0
1622224274,1.21823,1.21823,0.0,0,1622224274019,134,0.0
1622224275,1.21822,1.21823,0.0,0,1622224275713,130,0.0
1622224276,1.21817,1.21818,0.0,0,1622224276469,134,0.0
1622224276,1.21816,1.21817,0.0,0,1622224276967,134,0.0
1622224277,1.21813,1.21813,0.0,0,1622224277470,134,0.0
1622224278,1.21814,1.21814,0.0,0,1622224278478,134,0.0
1622224279,1.21811,1.21813,0.0,0,1622224279538,134,0.0
1622224280,1.21812,1.21813,0.0,0,1622224280972,130,0.0
1622224285,1.21813,1.21813,0.0,0,1622224285615,130,0.0
1622224290,1.21816,1.21817,0.0,0,1622224290339,134,0.0
1622224291,1.21813,1.21815,0.0,0,1622224291671,134,0.0
1622224292,1.21812,1.21813,0.0,0,1622224292187,134,0.0
1622224292,1.21813,1.21813,0.0,0,1622224292760,130,0.0
1622224293,1.21812,1.21813,0.0,0,1622224293625,130,0.0
1622224295,1.21813,1.21813,0.0,0,1622224295333,130,0.0
1622224296,1.21812,1.21813,0.0,0,1622224296733,130,0.0
1622224297,1.2180900000000001,1.2180900000000001,0.0,0,1622224297233,134,0.0
1622224298,1.21807,1.21807,0.0,0,1622224298840,134,0.0
1622224299,1.21808,1.21808,0.0,0,1622224299858,134,0.0
1622224300,1.21807,1.21808,0.0,0,1622224300552,130,0.0
1622224301,1.21808,1.21808,0.0,0,1622224301097,130,0.0
1622224301,1.21811,1.21811,0.0,0,1622224301870,134,0.0
1622224302,1.21812,1.21812,0.0,0,1622224302402,134,0.0
1622224304,1.21813,1.21813,0.0,0,1622224304515,134,0.0
1622224305,1.21818,1.21818,0.0,0,1622224305119,134,0.0
1622224305,1.2182,1.2182,0.0,0,1622224305681,134,0.0
1622224306,1.21823,1.21823,0.0,0,1622224306179,134,0.0
1622224306,1.21822,1.21822,0.0,0,1622224306735,134,0.0
1622224307,1.2181899999999999,1.2181899999999999,0.0,0,1622224307256,134,0.0
1622224307,1.2182,1.2182,0.0,0,1622224307860,134,0.0
1622224308,1.21824,1.21824,0.0,0,1622224308389,134,0.0
1622224308,1.21825,1.21825,0.0,0,1622224308948,134,0.0
1622224310,1.21827,1.21827,0.0,0,1622224310029,134,0.0
1622224310,1.21827,1.21828,0.0,0,1622224310641,4,0.0
1622224312,1.21827,1.21827,0.0,0,1622224312113,4,0.0
1622224315,1.21827,1.21828,0.0,0,1622224315761,4,0.0
1622224321,1.21827,1.21828,0.0,0,1622224321570,130,0.0
1622224323,1.21836,1.21837,0.0,0,1622224323137,134,0.0
1622224323,1.21838,1.21838,0.0,0,1622224323637,134,0.0
1622224324,1.21837,1.21838,0.0,0,1622224324141,130,0.0
1622224325,1.21842,1.2184300000000001,0.0,0,1622224325937,134,0.0
1622224326,1.2184300000000001,1.2184300000000001,0.0,0,1622224326490,130,0.0
1622224327,1.21839,1.2184,0.0,0,1622224327503,134,0.0
1622224328,1.2184300000000001,1.2184300000000001,0.0,0,1622224328192,134,0.0
1622224328,1.21842,1.2184300000000001,0.0,0,1622224328695,130,0.0
1622224329,1.2184599999999999,1.2184599999999999,0.0,0,1622224329587,134,0.0
1622224330,1.21848,1.21848,0.0,0,1622224330088,134,0.0
1622224333,1.21844,1.21844,0.0,0,1622224333072,134,0.0
1622224333,1.21845,1.21845,0.0,0,1622224333576,134,0.0
1622224334,1.21844,1.21845,0.0,0,1622224334084,130,0.0
1622224334,1.21844,1.21844,0.0,0,1622224334722,4,0.0
1622224335,1.21837,1.21837,0.0,0,1622224335222,134,0.0
1622224335,1.21834,1.21834,0.0,0,1622224335754,134,0.0
1622224336,1.21838,1.21838,0.0,0,1622224336828,134,0.0
1622224337,1.21839,1.2184,0.0,0,1622224337330,134,0.0
1622224337,1.21837,1.21838,0.0,0,1622224337958,134,0.0
1622224338,1.21837,1.21839,0.0,0,1622224338536,4,0.0
1622224339,1.21839,1.21839,0.0,0,1622224339155,130,0.0
1622224339,1.21837,1.21839,0.0,0,1622224339660,130,0.0
1622224340,1.2184300000000001,1.2184300000000001,0.0,0,1622224340166,134,0.0
1622224340,1.21841,1.21841,0.0,0,1622224340666,134,0.0
1622224341,1.2184300000000001,1.2184300000000001,0.0,0,1622224341676,134,0.0
1622224342,1.21844,1.21844,0.0,0,1622224342174,134,0.0
1622224342,1.21845,1.21845,0.0,0,1622224342692,134,0.0
1622224343,1.21848,1.21848,0.0,0,1622224343575,134,0.0
1622224344,1.21849,1.21849,0.0,0,1622224344081,134,0.0
1622224344,1.21848,1.21848,0.0,0,1622224344732,134,0.0
1622224345,1.21849,1.21849,0.0,0,1622224345259,134,0.0
1622224345,1.21848,1.21849,0.0,0,1622224345881,130,0.0
1622224348,1.21853,1.21853,0.0,0,1622224348402,134,0.0
1622224348,1.21852,1.21853,0.0,0,1622224348910,130,0.0
1622224350,1.21852,1.21854,0.0,0,1622224350210,4,0.0
1622224350,1.21852,1.21852,0.0,0,1622224350778,4,0.0
1622224351,1.21851,1.21851,0.0,0,1622224351380,134,0.0
1622224351,1.21854,1.21854,0.0,0,1622224351928,134,0.0
1622224352,1.21849,1.21849,0.0,0,1622224352429,134,0.0
1622224352,1.21847,1.21847,0.0,0,1622224352945,134,0.0
1622224353,1.2184599999999999,1.2184599999999999,0.0,0,1622224353444,134,0.0
1622224353,1.2184599999999999,1.21847,0.0,0,1622224353956,4,0.0
1622224354,1.2184300000000001,1.2184300000000001,0.0,0,1622224354656,134,0.0
1622224355,1.21839,1.2184,0.0,0,1622224355164,134,0.0
1622224355,1.21837,1.21837,0.0,0,1622224355743,134,0.0
1622224356,1.21836,1.21837,0.0,0,1622224356259,130,0.0
1622224356,1.21835,1.21835,0.0,0,1622224356834,134,0.0
1622224357,1.21832,1.21833,0.0,0,1622224357354,134,0.0
1622224359,1.21832,1.21834,0.0,0,1622224359125,4,0.0
1622224360,1.21828,1.21828,0.0,0,1622224360139,134,0.0
1622224360,1.21826,1.21828,0.0,0,1622224360659,130,0.0
1622224361,1.21826,1.21827,0.0,0,1622224361241,4,0.0
1622224367,1.21833,1.21833,0.0,0,1622224367830,134,0.0
1622224368,1.21828,1.21828,0.0,0,1622224368874,134,0.0
1622224369,1.21827,1.21828,0.0,0,1622224369386,130,0.0
1622224371,1.21826,1.21827,0.0,0,1622224371715,134,0.0
1622224372,1.21822,1.21822,0.0,0,1622224372213,134,0.0
1622224372,1.21821,1.21822,0.0,0,1622224372774,130,0.0
1622224374,1.21822,1.21822,0.0,0,1622224374482,130,0.0
1622224375,1.21821,1.21822,0.0,0,1622224375003,130,0.0
1622224375,1.21818,1.2181899999999999,0.0,0,1622224375740,134,0.0
1622224376,1.21818,1.2182,0.0,0,1622224376411,4,0.0
1622224377,1.21822,1.21822,0.0,0,1622224377217,134,0.0
1622224377,1.21821,1.21822,0.0,0,1622224377719,130,0.0
1622224378,1.21824,1.21825,0.0,0,1622224378255,134,0.0
1622224379,1.21822,1.21823,0.0,0,1622224379281,134,0.0
1622224380,1.21818,1.21818,0.0,0,1622224380479,134,0.0
1622224381,1.21817,1.21818,0.0,0,1622224381169,130,0.0
1622224381,1.21816,1.21817,0.0,0,1622224381675,134,0.0
1622224385,1.21813,1.21813,0.0,0,1622224385995,134,0.0
1622224387,1.21812,1.21813,0.0,0,1622224387010,130,0.0
1622224387,1.21811,1.21812,0.0,0,1622224387574,134,0.0
1622224388,1.21811,1.21811,0.0,0,1622224388233,4,0.0
1622224389,1.21811,1.21812,0.0,0,1622224389537,4,0.0
1622224390,1.2181,1.21811,0.0,0,1622224390224,134,0.0
1622224390,1.21807,1.21808,0.0,0,1622224390776,134,0.0
1622224391,1.21806,1.21807,0.0,0,1622224391355,134,0.0
1622224393,1.21806,1.21806,0.0,0,1622224393417,4,0.0
1622224393,1.21804,1.21805,0.0,0,1622224393921,134,0.0
1622224395,1.21806,1.21807,0.0,0,1622224395001,134,0.0
1622224395,1.21804,1.21804,0.0,0,1622224395581,134,0.0
1622224396,1.21802,1.21803,0.0,0,1622224396080,134,0.0
1622224396,1.21801,1.21801,0.0,0,1622224396630,134,0.0
1622224397,1.21796,1.21796,0.0,0,1622224397161,134,0.0
1622224397,1.21805,1.21805,0.0,0,1622224397789,134,0.0
1622224398,1.21811,1.21811,0.0,0,1622224398294,134,0.0
1622224398,1.21812,1.21812,0.0,0,1622224398799,134,0.0
1622224399,1.21811,1.21811,0.0,0,1622224399859,134,0.0
1622224400,1.21806,1.21806,0.0,0,1622224400364,134,0.0
1622224401,1.21803,1.21803,0.0,0,1622224401933,134,0.0
1622224402,1.21804,1.21804,0.0,0,1622224402447,134,0.0
1622224402,1.21803,1.21804,0.0,0,1622224402986,130,0.0
1622224404,1.21803,1.21803,0.0,0,1622224404285,4,0.0
1622224405,1.21802,1.21803,0.0,0,1622224405942,130,0.0
1622224406,1.21806,1.21807,0.0,0,1622224406939,134,0.0
1622224407,1.21806,1.21808,0.0,0,1622224407453,4,0.0
1622224409,1.21801,1.21802,0.0,0,1622224409416,134,0.0
1622224409,1.21799,1.21799,0.0,0,1622224409935,134,0.0
1622224411,1.21796,1.21798,0.0,0,1622224411231,134,0.0
1622224412,1.21796,1.21796,0.0,0,1622224412033,4,0.0
1622224412,1.21801,1.21801,0.0,0,1622224412571,134,0.0
1622224413,1.218,1.21801,0.0,0,1622224413435,130,0.0
1622224414,1.21805,1.21807,0.0,0,1622224414062,134,0.0
1622224415,1.21801,1.21802,0.0,0,1622224415276,134,0.0
1622224416,1.218,1.21801,0.0,0,1622224416161,134,0.0
1622224417,1.21801,1.21802,0.0,0,1622224417328,134,0.0
1622224417,1.21802,1.21802,0.0,0,1622224417936,130,0.0
1622224419,1.21805,1.21805,0.0,0,1622224419612,134,0.0
1622224420,1.21804,1.21804,0.0,0,1622224420637,134,0.0
1622224422,1.2181,1.2181,0.0,0,1622224422340,134,0.0
1622224422,1.2180900000000001,1.2181,0.0,0,1622224422949,130,0.0
1622224423,1.2181,1.2181,0.0,0,1622224423517,130,0.0
1622224424,1.21813,1.21813,0.0,0,1622224424158,134,0.0
1622224427,1.21814,1.21814,0.0,0,1622224427066,134,0.0
1622224428,1.21812,1.21812,0.0,0,1622224428128,134,0.0
1622224430,1.21811,1.21812,0.0,0,1622224430571,130,0.0
1622224431,1.21811,1.21811,0.0,0,1622224431084,4,0.0
1622224431,1.21813,1.21813,0.0,0,1622224431775,134,0.0
1622224434,1.21811,1.21811,0.0,0,1622224434825,134,0.0
1622224435,1.2180900000000001,1.2180900000000001,0.0,0,1622224435357,134,0.0
1622224435,1.21808,1.21808,0.0,0,1622224435927,134,0.0
1622224439,1.21803,1.21803,0.0,0,1622224439653,134,0.0
1622224440,1.21802,1.21802,0.0,0,1622224440258,134,0.0
1622224442,1.21801,1.21801,0.0,0,1622224442892,134,0.0
1622224444,1.21805,1.21805,0.0,0,1622224444023,134,0.0
1622224444,1.21807,1.21808,0.0,0,1622224444539,134,0.0
1622224445,1.21807,1.21807,0.0,0,1622224445114,4,0.0
1622224445,1.21803,1.21803,0.0,0,1622224445837,134,0.0
1622224450,1.21802,1.21802,0.0,0,1622224450491,134,0.0
1622224452,1.21801,1.21801,0.0,0,1622224452213,134,0.0
1622224453,1.21802,1.21802,0.0,0,1622224453684,134,0.0
1622224457,1.21803,1.21803,0.0,0,1622224457300,134,0.0
1622224457,1.218,1.218,0.0,0,1622224457816,134,0.0
1622224458,1.21797,1.21797,0.0,0,1622224458327,134,0.0
1622224459,1.21796,1.21797,0.0,0,1622224459586,130,0.0
1622224460,1.21795,1.21795,0.0,0,1622224460120,134,0.0
1622224460,1.21793,1.21793,0.0,0,1622224460630,134,0.0
1622224461,1.21792,1.21792,0.0,0,1622224461133,134,0.0
1622224461,1.21794,1.21794,0.0,0,1622224461641,134,0.0
1622224462,1.21795,1.21795,0.0,0,1622224462261,134,0.0
1622224462,1.21805,1.21805,0.0,0,1622224462762,134,0.0
1622224464,1.21807,1.21807,0.0,0,1622224464472,134,0.0
1622224464,1.2180900000000001,1.2180900000000001,0.0,0,1622224464975,134,0.0
1622224467,1.21808,1.2180900000000001,0.0,0,1622224467724,130,0.0
1622224468,1.21808,1.21808,0.0,0,1622224468227,4,0.0
1622224470,1.21805,1.21805,0.0,0,1622224470699,134,0.0
1622224471,1.21808,1.21808,0.0,0,1622224471196,134,0.0
1622224472,1.2181,1.2181,0.0,0,1622224472265,134,0.0
1622224473,1.2181,1.21811,0.0,0,1622224473997,4,0.0
1622224474,1.2181,1.2181,0.0,0,1622224474568,4,0.0
1622224475,1.21808,1.21808,0.0,0,1622224475091,134,0.0
1622224476,1.2180900000000001,1.2180900000000001,0.0,0,1622224476014,134,0.0
1622224482,1.21818,1.21818,0.0,0,1622224482646,134,0.0
1622224483,1.21811,1.21811,0.0,0,1622224483145,134,0.0
1622224490,1.21807,1.21807,0.0,0,1622224490090,134,0.0
1622224490,1.21804,1.21804,0.0,0,1622224490600,134,0.0
1622224491,1.21802,1.21802,0.0,0,1622224491111,134,0.0
1622224491,1.21799,1.218,0.0,0,1622224491646,134,0.0
1622224492,1.218,1.21801,0.0,0,1622224492425,134,0.0
1622224493,1.21799,1.21799,0.0,0,1622224493268,134,0.0
1622224493,1.21798,1.21798,0.0,0,1622224493806,134,0.0
1622224494,1.21797,1.21798,0.0,0,1622224494869,130,0.0
1622224495,1.21796,1.21796,0.0,0,1622224495998,134,0.0
1622224496,1.21793,1.21794,0.0,0,1622224496515,134,0.0
1622224499,1.21794,1.21794,0.0,0,1622224499684,130,0.0
1622224500,1.21788,1.21788,0.0,0,1622224500220,134,0.0
1622224500,1.21793,1.21793,0.0,0,1622224500738,134,0.0
1622224501,1.21795,1.21795,0.0,0,1622224501240,134,0.0
1622224501,1.21794,1.21795,0.0,0,1622224501858,130,0.0
1622224502,1.21794,1.21794,0.0,0,1622224502359,4,0.0
1622224502,1.2179,1.2179,0.0,0,1622224502903,134,0.0
1622224503,1.21793,1.21793,0.0,0,1622224503414,134,0.0
1622224503,1.21793,1.21794,0.0,0,1622224503950,4,0.0
1622224504,1.21794,1.21795,0.0,0,1622224504593,134,0.0
1622224505,1.21791,1.21791,0.0,0,1622224505232,134,0.0
1622224505,1.21792,1.21792,0.0,0,1622224505791,134,0.0
1622224506,1.21792,1.21793,0.0,0,1622224506296,4,0.0
1622224507,1.21798,1.21798,0.0,0,1622224507103,134,0.0
1622224507,1.21799,1.21799,0.0,0,1622224507611,134,0.0
1622224508,1.21798,1.21799,0.0,0,1622224508116,130,0.0
1622224508,1.21793,1.21794,0.0,0,1622224508644,134,0.0
1622224509,1.21792,1.21793,0.0,0,1622224509830,134,0.0
1622224510,1.21792,1.21792,0.0,0,1622224510337,4,0.0
1622224510,1.21793,1.21793,0.0,0,1622224510834,134,0.0
1622224511,1.21804,1.21804,0.0,0,1622224511569,134,0.0
1622224512,1.21817,1.21817,0.0,0,1622224512069,134,0.0
1622224512,1.21822,1.21822,0.0,0,1622224512574,134,0.0
1622224513,1.2182,1.2182,0.0,0,1622224513078,134,0.0
1622224513,1.21826,1.21826,0.0,0,1622224513583,134,0.0
1622224514,1.21838,1.21838,0.0,0,1622224514085,134,0.0
1622224514,1.2184300000000001,1.21844,0.0,0,1622224514592,134,0.0
1622224515,1.2184300000000001,1.2184300000000001,0.0,0,1622224515088,4,0.0
1622224515,1.21841,1.21841,0.0,0,1622224515594,134,0.0
1622224516,1.2184300000000001,1.2184300000000001,0.0,0,1622224516093,134,0.0
1622224516,1.2184599999999999,1.21847,0.0,0,1622224516601,134,0.0
1622224517,1.21847,1.21848,0.0,0,1622224517115,134,0.0
1622224517,1.21851,1.21852,0.0,0,1622224517693,134,0.0
1622224518,1.21863,1.21863,0.0,0,1622224518198,134,0.0
1622224518,1.21866,1.21866,0.0,0,1622224518706,134,0.0
1622224519,1.21861,1.21861,0.0,0,1622224519243,134,0.0
1622224519,1.21853,1.21854,0.0,0,1622224519776,134,0.0
1622224520,1.2185,1.2185,0.0,0,1622224520408,134,0.0
1622224520,1.21849,1.2185,0.0,0,1622224520912,130,0.0
1622224521,1.21853,1.21853,0.0,0,1622224521609,134,0.0
1622224522,1.21854,1.21855,0.0,0,1622224522120,134,0.0
1622224522,1.21857,1.21857,0.0,0,1622224522648,134,0.0
1622224523,1.2185,1.2185,0.0,0,1622224523227,134,0.0
1622224523,1.21848,1.21848,0.0,0,1622224523734,134,0.0
1622224524,1.21849,1.21849,0.0,0,1622224524232,134,0.0
1622224524,1.21853,1.21853,0.0,0,1622224524739,134,0.0
1622224525,1.21854,1.21854,0.0,0,1622224525281,134,0.0
1622224525,1.21857,1.21857,0.0,0,1622224525802,134,0.0
1622224526,1.21859,1.21859,0.0,0,1622224526318,134,0.0
1622224526,1.21868,1.21868,0.0,0,1622224526824,134,0.0
1622224527,1.21873,1.21874,0.0,0,1622224527356,134,0.0
1622224527,1.21874,1.21874,0.0,0,1622224527900,130,0.0
1622224528,1.21878,1.21878,0.0,0,1622224528406,134,0.0
1622224529,1.2187999999999999,1.2187999999999999,0.0,0,1622224529483,134,0.0
1622224530,1.21879,1.21879,0.0,0,1622224530022,134,0.0
1622224530,1.2187000000000001,1.2187000000000001,0.0,0,1622224530600,134,0.0
1622224531,1.21873,1.21873,0.0,0,1622224531101,134,0.0
1622224531,1.21876,1.21876,0.0,0,1622224531600,134,0.0
1622224532,1.21884,1.21884,0.0,0,1622224532112,134,0.0
1622224532,1.21879,1.21879,0.0,0,1622224532630,134,0.0
1622224533,1.21874,1.21874,0.0,0,1622224533129,134,0.0
1622224533,1.21869,1.21869,0.0,0,1622224533637,134,0.0
1622224534,1.21866,1.21866,0.0,0,1622224534151,134,0.0
1622224534,1.21862,1.21863,0.0,0,1622224534650,134,0.0
1622224535,1.21867,1.21868,0.0,0,1622224535152,134,0.0
1622224536,1.21868,1.21868,0.0,0,1622224536784,130,0.0
1622224537,1.21866,1.21867,0.0,0,1622224537343,134,0.0
1622224538,1.21864,1.21865,0.0,0,1622224538397,134,0.0
1622224538,1.21863,1.21865,0.0,0,1622224538974,130,0.0
1622224539,1.21862,1.21862,0.0,0,1622224539512,134,0.0
1622224542,1.21854,1.21854,0.0,0,1622224542256,134,0.0
1622224542,1.21851,1.21852,0.0,0,1622224542755,134,0.0
1622224543,1.2184599999999999,1.2184599999999999,0.0,0,1622224543562,134,0.0
1622224544,1.21844,1.21844,0.0,0,1622224544067,134,0.0
1622224544,1.21842,1.21842,0.0,0,1622224544665,134,0.0
1622224545,1.2184,1.2184,0.0,0,1622224545168,134,0.0
1622224545,1.21844,1.21844,0.0,0,1622224545671,134,0.0
1622224546,1.21845,1.2184599999999999,0.0,0,1622224546672,134,0.0
1622224547,1.21838,1.21839,0.0,0,1622224547334,134,0.0
1622224547,1.21836,1.21837,0.0,0,1622224547860,134,0.0
1622224548,1.2184,1.2184,0.0,0,1622224548592,134,0.0
1622224550,1.21838,1.21838,0.0,0,1622224550314,134,0.0
1622224550,1.21835,1.21836,0.0,0,1622224550825,134,0.0
1622224551,1.21832,1.21832,0.0,0,1622224551345,134,0.0
1622224551,1.21831,1.21832,0.0,0,1622224551849,130,0.0
1622224554,1.2183,1.21831,0.0,0,1622224554813,134,0.0
1622224556,1.21833,1.21834,0.0,0,1622224556083,134,0.0
1622224556,1.21833,1.21833,0.0,0,1622224556588,4,0.0
1622224557,1.21831,1.21832,0.0,0,1622224557186,134,0.0
1622224557,1.21832,1.21832,0.0,0,1622224557684,130,0.0
1622224558,1.21836,1.21836,0.0,0,1622224558244,134,0.0
1622224559,1.21836,1.21837,0.0,0,1622224559330,4,0.0
1622224559,1.2184,1.2184,0.0,0,1622224559832,134,0.0
1622224560,1.21835,1.21836,0.0,0,1622224560348,134,0.0
1622224560,1.21835,1.21835,0.0,0,1622224560978,4,0.0
1622224561,1.21834,1.21834,0.0,0,1622224561542,134,0.0
1622224562,1.21838,1.21838,0.0,0,1622224562621,134,0.0
1622224564,1.21847,1.21847,0.0,0,1622224564220,134,0.0
1622224565,1.21849,1.21849,0.0,0,1622224565815,134,0.0
1622224566,1.21848,1.21848,0.0,0,1622224566895,134,0.0
1622224569,1.21847,1.21847,0.0,0,1622224569277,134,0.0
1622224569,1.21855,1.21855,0.0,0,1622224569842,134,0.0
1622224570,1.21857,1.21857,0.0,0,1622224570349,134,0.0
1622224570,1.21856,1.21856,0.0,0,1622224570951,134,0.0
1622224571,1.21855,1.21856,0.0,0,1622224571455,130,0.0
1622224571,1.21852,1.21852,0.0,0,1622224571956,134,0.0
1622224572,1.21855,1.21855,0.0,0,1622224572523,134,0.0
1622224573,1.21851,1.21852,0.0,0,1622224573543,134,0.0
1622224574,1.21851,1.21851,0.0,0,1622224574044,4,0.0
1622224575,1.21853,1.21853,0.0,0,1622224575088,134,0.0
1622224575,1.21855,1.21857,0.0,0,1622224575591,134,0.0
1622224576,1.21861,1.21861,0.0,0,1622224576144,134,0.0
1622224576,1.21862,1.21863,0.0,0,1622224576644,134,0.0
1622224577,1.21859,1.21859,0.0,0,1622224577175,134,0.0
1622224577,1.21857,1.21857,0.0,0,1622224577680,134,0.0
1622224578,1.21859,1.21859,0.0,0,1622224578279,134,0.0
1622224578,1.21862,1.21863,0.0,0,1622224578795,134,0.0
1622224579,1.2186,1.2186,0.0,0,1622224579322,134,0.0
1622224580,1.21852,1.21852,0.0,0,1622224580488,134,0.0
1622224580,1.2185,1.2185,0.0,0,1622224580998,134,0.0
1622224581,1.21848,1.21848,0.0,0,1622224581617,134,0.0
1622224582,1.21845,1.21845,0.0,0,1622224582128,134,0.0
1622224582,1.21842,1.2184300000000001,0.0,0,1622224582632,134,0.0
1622224583,1.2184300000000001,1.2184300000000001,0.0,0,1622224583732,130,0.0
1622224584,1.2184300000000001,1.21844,0.0,0,1622224584236,4,0.0
1622224585,1.21836,1.21836,0.0,0,1622224585306,134,0.0
1622224585,1.21833,1.21834,0.0,0,1622224585788,134,0.0
1622224586,1.21836,1.21836,0.0,0,1622224586292,134,0.0
1622224587,1.21832,1.21833,0.0,0,1622224587262,134,0.0
1622224588,1.21831,1.21832,0.0,0,1622224588445,134,0.0
1622224588,1.21829,1.21829,0.0,0,1622224588966,134,0.0
1622224589,1.21826,1.21827,0.0,0,1622224589467,134,0.0
1622224590,1.21829,1.2183,0.0,0,1622224590524,134,0.0
1622224591,1.21836,1.21836,0.0,0,1622224591533,134,0.0
1622224592,1.21837,1.21837,0.0,0,1622224592089,134,0.0
1622224593,1.21836,1.21837,0.0,0,1622224593130,130,0.0
1622224594,1.21841,1.21841,0.0,0,1622224594250,134,0.0
1622224594,1.21845,1.21845,0.0,0,1622224594758,134,0.0
1622224595,1.2184300000000001,1.2184300000000001,0.0,0,1622224595261,134,0.0
1622224595,1.2184300000000001,1.21844,0.0,0,1622224595794,4,0.0
1622224596,1.21847,1.21847,0.0,0,1622224596390,134,0.0
1622224596,1.21848,1.21848,0.0,0,1622224596903,134,0.0
1622224597,1.21849,1.21849,0.0,0,1622224597497,134,0.0
1622224599,1.21847,1.21848,0.0,0,1622224599294,134,0.0
1622224600,1.21844,1.21845,0.0,0,1622224600013,134,0.0
1622224601,1.21842,1.21842,0.0,0,1622224601181,134,0.0
1622224602,1.2185,1.21852,0.0,0,1622224602243,134,0.0
1622224602,1.21855,1.21855,0.0,0,1622224602795,134,0.0
1622224603,1.21854,1.21854,0.0,0,1622224603297,134,0.0
1622224603,1.21851,1.21852,0.0,0,1622224603803,134,0.0
1622224604,1.21852,1.21853,0.0,0,1622224604301,134,0.0
1622224605,1.21856,1.21856,0.0,0,1622224605308,134,0.0
1622224606,1.21852,1.21853,0.0,0,1622224606377,134,0.0
1622224607,1.21853,1.21853,0.0,0,1622224607022,130,0.0
1622224608,1.21857,1.21857,0.0,0,1622224608072,134,0.0
1622224608,1.21852,1.21852,0.0,0,1622224608667,134,0.0
1622224609,1.21848,1.21848,0.0,0,1622224609673,134,0.0
1622224610,1.2184599999999999,1.2184599999999999,0.0,0,1622224610186,134,0.0
1622224610,1.2184599999999999,1.21847,0.0,0,1622224610745,4,0.0
1622224611,1.2185,1.2185,0.0,0,1622224611326,134,0.0
1622224611,1.21851,1.21851,0.0,0,1622224611830,134,0.0
1622224612,1.2185,1.2185,0.0,0,1622224612342,134,0.0
1622224612,1.21847,1.21847,0.0,0,1622224612866,134,0.0
1622224615,1.2184599999999999,1.21847,0.0,0,1622224615120,130,0.0
1622224615,1.21842,1.21842,0.0,0,1622224615674,134,0.0
1622224616,1.2184599999999999,1.2184599999999999,0.0,0,1622224616231,134,0.0
1622224616,1.2185,1.2185,0.0,0,1622224616767,134,0.0
1622224617,1.21851,1.21851,0.0,0,1622224617269,134,0.0
1622224618,1.21852,1.21852,0.0,0,1622224618334,134,0.0
1622224618,1.2185,1.21851,0.0,0,1622224618839,134,0.0
1622224619,1.21852,1.21852,0.0,0,1622224619396,134,0.0
1622224619,1.21853,1.21853,0.0,0,1622224619903,134,0.0
1622224620,1.21845,1.2184599999999999,0.0,0,1622224620524,134,0.0
1622224621,1.21841,1.21842,0.0,0,1622224621102,134,0.0
1622224621,1.2184,1.21841,0.0,0,1622224621623,134,0.0
1622224622,1.21841,1.21842,0.0,0,1622224622128,134,0.0
1622224622,1.21837,1.21837,0.0,0,1622224622627,134,0.0
1622224623,1.21838,1.21838,0.0,0,1622224623182,134,0.0
1622224623,1.21836,1.21837,0.0,0,1622224623732,134,0.0
1622224624,1.21838,1.21838,0.0,0,1622224624284,134,0.0
1622224625,1.2184,1.2184,0.0,0,1622224625443,134,0.0
1622224625,1.21839,1.2184,0.0,0,1622224625991,130,0.0
1622224626,1.21837,1.21837,0.0,0,1622224626597,134,0.0
1622224627,1.21839,1.21839,0.0,0,1622224627134,134,0.0
1622224628,1.21839,1.2184,0.0,0,1622224628249,4,0.0
1622224629,1.21836,1.21837,0.0,0,1622224629532,134,0.0
1622224630,1.21831,1.21831,0.0,0,1622224630322,134,0.0
1622224630,1.21832,1.21832,0.0,0,1622224630830,134,0.0
1622224631,1.21832,1.21833,0.0,0,1622224631336,4,0.0
1622224631,1.21838,1.21838,0.0,0,1622224631956,134,0.0
1622224633,1.2184,1.2184,0.0,0,1622224633155,134,0.0
1622224633,1.21842,1.21842,0.0,0,1622224633676,134,0.0
1622224635,1.2184300000000001,1.2184300000000001,0.0,0,1622224635827,134,0.0
1622224636,1.2184300000000001,1.21844,0.0,0,1622224636610,4,0.0
1622224637,1.21845,1.2184599999999999,0.0,0,1622224637873,134,0.0
1622224638,1.21847,1.21847,0.0,0,1622224638455,134,0.0
1622224640,1.2184599999999999,1.21847,0.0,0,1622224640030,130,0.0
1622224640,1.21851,1.21852,0.0,0,1622224640569,134,0.0
1622224641,1.21852,1.21853,0.0,0,1622224641165,134,0.0
1622224641,1.21852,1.21852,0.0,0,1622224641789,4,0.0
1622224642,1.21852,1.21853,0.0,0,1622224642391,4,0.0
1622224643,1.21856,1.21856,0.0,0,1622224643745,134,0.0
1622224644,1.21858,1.21858,0.0,0,1622224644244,134,0.0
1622224644,1.21861,1.21861,0.0,0,1622224644784,134,0.0
1622224645,1.2186,1.2186,0.0,0,1622224645908,134,0.0
1622224646,1.21861,1.21862,0.0,0,1622224646397,134,0.0
1622224647,1.21861,1.21861,0.0,0,1622224647950,4,0.0
1622224649,1.21863,1.21863,0.0,0,1622224649535,134,0.0
1622224650,1.2186,1.2186,0.0,0,1622224650115,134,0.0
1622224650,1.21854,1.21854,0.0,0,1622224650617,134,0.0
1622224651,1.21852,1.21854,0.0,0,1622224651117,130,0.0
1622224651,1.21852,1.21853,0.0,0,1622224651712,4,0.0
1622224652,1.2185,1.2185,0.0,0,1622224652734,134,0.0
1622224653,1.2184300000000001,1.2184300000000001,0.0,0,1622224653245,134,0.0
1622224653,1.21841,1.21841,0.0,0,1622224653748,134,0.0
1622224654,1.21837,1.21837,0.0,0,1622224654248,134,0.0
1622224654,1.21834,1.21834,0.0,0,1622224654807,134,0.0
1622224655,1.21832,1.21832,0.0,0,1622224655313,134,0.0
1622224655,1.21827,1.21828,0.0,0,1622224655835,134,0.0
1622224656,1.21831,1.21831,0.0,0,1622224656540,134,0.0
1622224657,1.21826,1.21826,0.0,0,1622224657045,134,0.0
1622224658,1.21824,1.21824,0.0,0,1622224658229,134,0.0
1622224658,1.21822,1.21823,0.0,0,1622224658735,134,0.0
1622224659,1.21816,1.21817,0.0,0,1622224659314,134,0.0
1622224659,1.21816,1.21816,0.0,0,1622224659894,4,0.0
1622224660,1.21813,1.21813,0.0,0,1622224660400,134,0.0
1622224661,1.21811,1.21812,0.0,0,1622224661033,134,0.0
1622224661,1.21812,1.21812,0.0,0,1622224661608,130,0.0
1622224662,1.21808,1.21808,0.0,0,1622224662111,134,0.0
1622224662,1.21805,1.21805,0.0,0,1622224662611,134,0.0
1622224663,1.2181,1.2181,0.0,0,1622224663115,134,0.0
1622224663,1.21815,1.21815,0.0,0,1622224663616,134,0.0
1622224664,1.21813,1.21813,0.0,0,1622224664137,134,0.0
1622224664,1.21807,1.21807,0.0,0,1622224664657,134,0.0
1622224665,1.21803,1.21803,0.0,0,1622224665730,134,0.0
1622224666,1.21803,1.21804,0.0,0,1622224666236,4,0.0
1622224666,1.21806,1.21806,0.0,0,1622224666833,134,0.0
1622224667,1.21808,1.2181,0.0,0,1622224667353,134,0.0
1622224668,1.21807,1.21808,0.0,0,1622224668206,134,0.0
1622224669,1.21803,1.21805,0.0,0,1622224669079,134,0.0
1622224669,1.21802,1.21804,0.0,0,1622224669634,134,0.0
1622224670,1.21803,1.21803,0.0,0,1622224670160,134,0.0
1622224670,1.21798,1.21798,0.0,0,1622224670671,134,0.0
1622224671,1.21797,1.21797,0.0,0,1622224671216,134,0.0
1622224671,1.21795,1.21795,0.0,0,1622224671761,134,0.0
1622224672,1.21792,1.21792,0.0,0,1622224672271,134,0.0
1622224672,1.21791,1.21791,0.0,0,1622224672778,134,0.0
1622224673,1.21793,1.21793,0.0,0,1622224673322,134,0.0
1622224673,1.21792,1.21793,0.0,0,1622224673836,130,0.0
1622224674,1.21793,1.21794,0.0,0,1622224674630,134,0.0
1622224675,1.21797,1.21797,0.0,0,1622224675149,134,0.0
1622224675,1.21798,1.21799,0.0,0,1622224675659,134,0.0
1622224676,1.21805,1.21805,0.0,0,1622224676781,134,0.0
1622224677,1.21806,1.21806,0.0,0,1622224677269,134,0.0
1622224677,1.2180900000000001,1.2180900000000001,0.0,0,1622224677843,134,0.0
1622224678,1.21812,1.21812,0.0,0,1622224678846,134,0.0
1622224679,1.21813,1.21813,0.0,0,1622224679348,134,0.0
1622224679,1.2181899999999999,1.2181899999999999,0.0,0,1622224679852,134,0.0
1622224680,1.21822,1.21822,0.0,0,1622224680355,134,0.0
1622224680,1.21822,1.21823,0.0,0,1622224680853,4,0.0
1622224681,1.21818,1.21818,0.0,0,1622224681618,134,0.0
1622224682,1.21823,1.21823,0.0,0,1622224682662,134,0.0
1622224683,1.21821,1.21821,0.0,0,1622224683962,134,0.0
1622224684,1.21818,1.2181899999999999,0.0,0,1622224684608,134,0.0
1622224685,1.21821,1.21821,0.0,0,1622224685142,134,0.0
1622224685,1.21821,1.21822,0.0,0,1622224685719,4,0.0
1622224686,1.21827,1.21827,0.0,0,1622224686219,134,0.0
1622224686,1.21823,1.21824,0.0,0,1622224686720,134,0.0
1622224687,1.21823,1.21825,0.0,0,1622224687732,4,0.0
1622224688,1.21823,1.21824,0.0,0,1622224688245,4,0.0
1622224688,1.21821,1.21821,0.0,0,1622224688835,134,0.0
1622224689,1.21818,1.21818,0.0,0,1622224689342,134,0.0
1622224689,1.21815,1.21816,0.0,0,1622224689927,134,0.0
1622224690,1.21814,1.21814,0.0,0,1622224690442,134,0.0
1622224691,1.21812,1.21812,0.0,0,1622224691460,134,0.0
1622224691,1.21812,1.21813,0.0,0,1622224691959,4,0.0
1622224692,1.21811,1.21812,0.0,0,1622224692593,134,0.0
1622224693,1.21814,1.21814,0.0,0,1622224693320,134,0.0
1622224693,1.21817,1.21818,0.0,0,1622224693832,134,0.0
1622224694,1.21816,1.21818,0.0,0,1622224694356,130,0.0
1622224695,1.21832,1.21832,0.0,0,1622224695096,134,0.0
1622224695,1.21836,1.21836,0.0,0,1622224695600,134,0.0
1622224696,1.21835,1.21835,0.0,0,1622224696117,134,0.0
1622224696,1.21836,1.21836,0.0,0,1622224696620,134,0.0
1622224697,1.21837,1.21838,0.0,0,1622224697134,134,0.0
1622224698,1.21834,1.21834,0.0,0,1622224698324,134,0.0
1622224698,1.21836,1.21836,0.0,0,1622224698824,134,0.0
1622224699,1.21837,1.21837,0.0,0,1622224699337,134,0.0
1622224699,1.21833,1.21833,0.0,0,1622224699842,134,0.0
1622224701,1.21835,1.21835,0.0,0,1622224701427,134,0.0
1622224701,1.21835,1.21836,0.0,0,1622224701932,4,0.0
1622224702,1.21835,1.21835,0.0,0,1622224702536,4,0.0
1622224703,1.21828,1.21828,0.0,0,1622224703039,134,0.0
1622224706,1.21828,1.21829,0.0,0,1622224706438,4,0.0
1622224706,1.21828,1.21828,0.0,0,1622224706993,4,0.0
1622224707,1.21827,1.21827,0.0,0,1622224707499,134,0.0
1622224708,1.21827,1.21828,0.0,0,1622224708609,4,0.0
1622224709,1.2183,1.2183,0.0,0,1622224709622,134,0.0
1622224710,1.21831,1.21831,0.0,0,1622224710132,134,0.0
1622224710,1.21826,1.21826,0.0,0,1622224710627,134,0.0
1622224711,1.21828,1.21828,0.0,0,1622224711128,134,0.0
1622224712,1.21829,1.2183,0.0,0,1622224712909,134,0.0
1622224714,1.21828,1.21828,0.0,0,1622224714008,134,0.0
1622224716,1.21829,1.21829,0.0,0,1622224716082,134,0.0
1622224716,1.21828,1.21828,0.0,0,1622224716670,134,0.0
1622224717,1.21827,1.21828,0.0,0,1622224717168,130,0.0
1622224718,1.21828,1.21828,0.0,0,1622224718386,130,0.0
1622224718,1.21829,1.21829,0.0,0,1622224718909,134,0.0
1622224719,1.21828,1.21828,0.0,0,1622224719429,134,0.0
1622224720,1.21822,1.21822,0.0,0,1622224720574,134,0.0
1622224721,1.21822,1.21823,0.0,0,1622224721076,4,0.0
1622224722,1.21823,1.21824,0.0,0,1622224722378,134,0.0
1622224723,1.21825,1.21825,0.0,0,1622224723018,134,0.0
1622224723,1.21824,1.21824,0.0,0,1622224723519,134,0.0
1622224724,1.21823,1.21824,0.0,0,1622224724034,130,0.0
1622224724,1.21827,1.21827,0.0,0,1622224724533,134,0.0
1622224725,1.21827,1.21828,0.0,0,1622224725042,4,0.0
1622224725,1.21828,1.21828,0.0,0,1622224725617,130,0.0
1622224726,1.21827,1.21828,0.0,0,1622224726142,130,0.0
1622224726,1.2183,1.2183,0.0,0,1622224726879,134,0.0
1622224727,1.21831,1.21831,0.0,0,1622224727385,134,0.0
1622224728,1.2183,1.2183,0.0,0,1622224728481,134,0.0
1622224728,1.21827,1.21828,0.0,0,1622224728997,134,0.0
1622224730,1.21825,1.21825,0.0,0,1622224730136,134,0.0
1622224730,1.21822,1.21822,0.0,0,1622224730686,134,0.0
1622224731,1.21821,1.21822,0.0,0,1622224731216,130,0.0
1622224731,1.2182,1.2182,0.0,0,1622224731797,134,0.0
1622224732,1.2182,1.21821,0.0,0,1622224732803,4,0.0
1622224733,1.21817,1.21817,0.0,0,1622224733501,134,0.0
1622224734,1.21816,1.21817,0.0,0,1622224734661,130,0.0
1622224735,1.21817,1.21817,0.0,0,1622224735190,130,0.0
1622224735,1.21815,1.21816,0.0,0,1622224735699,134,0.0
1622224736,1.21815,1.21815,0.0,0,1622224736202,4,0.0
1622224737,1.21814,1.21814,0.0,0,1622224737339,134,0.0
1622224737,1.21812,1.21813,0.0,0,1622224737842,134,0.0
1622224739,1.21811,1.21812,0.0,0,1622224739010,134,0.0
1622224739,1.21808,1.21808,0.0,0,1622224739793,134,0.0
1622224740,1.21803,1.21803,0.0,0,1622224740299,134,0.0
1622224740,1.21793,1.21793,0.0,0,1622224740808,134,0.0
1622224741,1.21792,1.21792,0.0,0,1622224741324,134,0.0
1622224741,1.21788,1.21788,0.0,0,1622224741839,134,0.0
1622224742,1.21791,1.21791,0.0,0,1622224742338,134,0.0
1622224742,1.21792,1.21793,0.0,0,1622224742875,134,0.0
1622224744,1.21797,1.21797,0.0,0,1622224744348,134,0.0
1622224744,1.21804,1.21804,0.0,0,1622224744936,134,0.0
1622224745,1.218,1.21801,0.0,0,1622224745451,134,0.0
1622224746,1.21801,1.21802,0.0,0,1622224746036,134,0.0
1622224746,1.21802,1.21802,0.0,0,1622224746558,130,0.0
1622224747,1.21801,1.21802,0.0,0,1622224747084,130,0.0
1622224747,1.21801,1.21803,0.0,0,1622224747623,4,0.0
1622224748,1.21801,1.21802,0.0,0,1622224748159,4,0.0
1622224748,1.218,1.218,0.0,0,1622224748662,134,0.0
1622224749,1.21795,1.21796,0.0,0,1622224749183,134,0.0
1622224750,1.21793,1.21793,0.0,0,1622224750268,134,0.0
1622224750,1.21796,1.21796,0.0,0,1622224750768,134,0.0
1622224751,1.21797,1.21798,0.0,0,1622224751271,134,0.0
1622224752,1.21801,1.21801,0.0,0,1622224752131,134,0.0
1622224752,1.21803,1.21803,0.0,0,1622224752632,134,0.0
1622224753,1.21802,1.21802,0.0,0,1622224753129,134,0.0
1622224753,1.21802,1.21803,0.0,0,1622224753636,4,0.0
1622224754,1.21801,1.21802,0.0,0,1622224754282,134,0.0
1622224755,1.21801,1.21803,0.0,0,1622224755842,4,0.0
1622224756,1.21797,1.21797,0.0,0,1622224756789,134,0.0
1622224757,1.218,1.218,0.0,0,1622224757293,134,0.0
1622224757,1.21801,1.21801,0.0,0,1622224757801,134,0.0
1622224758,1.21797,1.21797,0.0,0,1622224758914,134,0.0
1622224759,1.21803,1.21803,0.0,0,1622224759422,134,0.0
1622224760,1.21804,1.21804,0.0,0,1622224760545,134,0.0
1622224761,1.21805,1.21805,0.0,0,1622224761053,134,0.0
1622224761,1.21803,1.21803,0.0,0,1622224761556,134,0.0
1622224762,1.21802,1.21802,0.0,0,1622224762663,134,0.0
1622224763,1.21806,1.21806,0.0,0,1622224763697,134,0.0
1622224764,1.2180900000000001,1.2180900000000001,0.0,0,1622224764199,134,0.0
1622224764,1.2181,1.2181,0.0,0,1622224764705,134,0.0
1622224766,1.21812,1.21812,0.0,0,1622224766332,134,0.0
1622224767,1.21815,1.21816,0.0,0,1622224767488,134,0.0
1622224768,1.21812,1.21812,0.0,0,1622224768012,134,0.0
1622224768,1.21807,1.21807,0.0,0,1622224768515,134,0.0
1622224769,1.21812,1.21812,0.0,0,1622224769058,134,0.0
1622224770,1.21808,1.2180900000000001,0.0,0,1622224770097,134,0.0
1622224770,1.21808,1.21808,0.0,0,1622224770600,4,0.0
1622224771,1.21807,1.21807,0.0,0,1622224771110,134,0.0
1622224772,1.21803,1.21804,0.0,0,1622224772611,134,0.0
1622224773,1.21805,1.21805,0.0,0,1622224773184,134,0.0
1622224773,1.21804,1.21804,0.0,0,1622224773692,134,0.0
1622224775,1.21803,1.21803,0.0,0,1622224775213,134,0.0
1622224776,1.21802,1.21802,0.0,0,1622224776470,134,0.0
1622224777,1.21803,1.21803,0.0,0,1622224777084,134,0.0
1622224778,1.21803,1.21804,0.0,0,1622224778272,4,0.0
1622224779,1.21805,1.21805,0.0,0,1622224779526,134,0.0
1622224780,1.21804,1.21805,0.0,0,1622224780040,130,0.0
1622224780,1.21804,1.21804,0.0,0,1622224780550,4,0.0
1622224781,1.21803,1.21803,0.0,0,1622224781714,134,0.0
1622224782,1.21796,1.21796,0.0,0,1622224782416,134,0.0
1622224782,1.21798,1.21799,0.0,0,1622224782925,134,0.0
1622224783,1.21798,1.21798,0.0,0,1622224783430,4,0.0
1622224784,1.21798,1.21799,0.0,0,1622224784018,4,0.0
1622224785,1.21798,1.21798,0.0,0,1622224785362,4,0.0
1622224786,1.21796,1.21796,0.0,0,1622224786437,134,0.0
1622224786,1.21798,1.21798,0.0,0,1622224786962,134,0.0
1622224787,1.21797,1.21797,0.0,0,1622224787469,134,0.0
1622224787,1.21796,1.21796,0.0,0,1622224787972,134,0.0
1622224788,1.218,1.21801,0.0,0,1622224788475,134,0.0
1622224789,1.21802,1.21802,0.0,0,1622224789028,134,0.0
1622224789,1.218,1.218,0.0,0,1622224789536,134,0.0
1622224790,1.21799,1.21799,0.0,0,1622224790186,134,0.0
1622224790,1.21798,1.21798,0.0,0,1622224790721,134,0.0
1622224793,1.21799,1.21799,0.0,0,1622224793141,134,0.0
1622224793,1.21799,1.218,0.0,0,1622224793750,4,0.0
1622224795,1.21799,1.21799,0.0,0,1622224795012,4,0.0
1622224795,1.21798,1.21798,0.0,0,1622224795542,134,0.0
1622224796,1.21798,1.21799,0.0,0,1622224796571,4,0.0
1622224797,1.21799,1.21799,0.0,0,1622224797618,130,0.0
1622224798,1.21799,1.218,0.0,0,1622224798137,4,0.0
1622224800,1.21804,1.21804,0.0,0,1622224800568,134,0.0
1622224801,1.21808,1.21808,0.0,0,1622224801055,134,0.0
1622224801,1.21807,1.21807,0.0,0,1622224801551,134,0.0
1622224802,1.21802,1.21802,0.0,0,1622224802054,134,0.0
1622224802,1.21799,1.218,0.0,0,1622224802570,134,0.0
1622224803,1.21798,1.21798,0.0,0,1622224803222,134,0.0
1622224804,1.21797,1.21797,0.0,0,1622224804243,134,0.0
1622224806,1.21801,1.21801,0.0,0,1622224806953,134,0.0
1622224807,1.21808,1.21808,0.0,0,1622224807453,134,0.0
1622224807,1.2181,1.2181,0.0,0,1622224807962,134,0.0
1622224808,1.2180900000000001,1.2181,0.0,0,1622224808468,130,0.0
1622224809,1.2180900000000001,1.2180900000000001,0.0,0,1622224809111,4,0.0
1622224809,1.21808,1.21808,0.0,0,1622224809988,134,0.0
1622224810,1.21803,1.21803,0.0,0,1622224810549,134,0.0
1622224811,1.21802,1.21802,0.0,0,1622224811061,134,0.0
1622224811,1.21803,1.21803,0.0,0,1622224811571,134,0.0
1622224812,1.21803,1.21804,0.0,0,1622224812638,4,0.0
1622224813,1.21802,1.21803,0.0,0,1622224813318,134,0.0
1622224813,1.21803,1.21804,0.0,0,1622224813830,134,0.0
1622224814,1.21804,1.21804,0.0,0,1622224814357,130,0.0
1622224814,1.21804,1.21805,0.0,0,1622224814858,4,0.0
1622224815,1.21803,1.21804,0.0,0,1622224815569,134,0.0
1622224816,1.21804,1.21804,0.0,0,1622224816242,130,0.0
1622224816,1.21803,1.21804,0.0,0,1622224816747,130,0.0
1622224817,1.21804,1.21805,0.0,0,1622224817786,134,0.0
1622224818,1.21811,1.21812,0.0,0,1622224818631,134,0.0
1622224819,1.2181,1.2181,0.0,0,1622224819196,134,0.0
1622224819,1.2181,1.21811,0.0,0,1622224819704,4,0.0
1622224820,1.21811,1.21811,0.0,0,1622224820572,130,0.0
1622224821,1.21812,1.21812,0.0,0,1622224821131,134,0.0
1622224821,1.2181,1.21811,0.0,0,1622224821755,134,0.0
1622224822,1.21812,1.21813,0.0,0,1622224822485,134,0.0
1622224823,1.21813,1.21813,0.0,0,1622224823023,130,0.0
1622224823,1.21814,1.21814,0.0,0,1622224823560,134,0.0
1622224824,1.21815,1.21815,0.0,0,1622224824115,134,0.0
1622224824,1.21814,1.21815,0.0,0,1622224824702,130,0.0
1622224825,1.21815,1.21815,0.0,0,1622224825296,130,0.0
1622224825,1.21815,1.21816,0.0,0,1622224825831,4,0.0
1622224826,1.21813,1.21814,0.0,0,1622224826335,134,0.0
1622224827,1.21808,1.21808,0.0,0,1622224827846,134,0.0
1622224828,1.21808,1.2180900000000001,0.0,0,1622224828429,4,0.0
1622224828,1.21808,1.21808,0.0,0,1622224828998,4,0.0
1622224829,1.21808,1.2180900000000001,0.0,0,1622224829627,4,0.0
1622224830,1.21813,1.21814,0.0,0,1622224830202,134,0.0
1622224830,1.21814,1.21814,0.0,0,1622224830769,130,0.0
1622224832,1.21813,1.21813,0.0,0,1622224832939,134,0.0
1622224833,1.21814,1.21814,0.0,0,1622224833547,134,0.0
1622224834,1.21814,1.21815,0.0,0,1622224834098,4,0.0
1622224835,1.21817,1.21817,0.0,0,1622224835641,134,0.0
1622224836,1.21822,1.21822,0.0,0,1622224836222,134,0.0
1622224836,1.21823,1.21824,0.0,0,1622224836727,134,0.0
1622224837,1.21824,1.21824,0.0,0,1622224837944,130,0.0
1622224839,1.21815,1.21815,0.0,0,1622224839105,134,0.0
1622224839,1.21812,1.21812,0.0,0,1622224839616,134,0.0
1622224840,1.21817,1.21817,0.0,0,1622224840129,134,0.0
1622224840,1.21816,1.21816,0.0,0,1622224840643,134,0.0
1622224841,1.21812,1.21812,0.0,0,1622224841142,134,0.0
1622224841,1.21811,1.21811,0.0,0,1622224841701,134,0.0
1622224842,1.2181,1.2181,0.0,0,1622224842238,134,0.0
1622224844,1.21808,1.21808,0.0,0,1622224844611,134,0.0
1622224845,1.21803,1.21803,0.0,0,1622224845068,134,0.0
1622224845,1.21802,1.21802,0.0,0,1622224845610,134,0.0
1622224846,1.21801,1.21801,0.0,0,1622224846131,134,0.0
1622224846,1.21796,1.21796,0.0,0,1622224846635,134,0.0
1622224847,1.21793,1.21793,0.0,0,1622224847181,134,0.0
1622224847,1.21792,1.21793,0.0,0,1622224847687,130,0.0
1622224848,1.21793,1.21793,0.0,0,1622224848194,130,0.0
1622224848,1.21796,1.21798,0.0,0,1622224848698,134,0.0
1622224849,1.21796,1.21797,0.0,0,1622224849293,4,0.0
1622224850,1.21794,1.21794,0.0,0,1622224850526,134,0.0
1622224851,1.21794,1.21795,0.0,0,1622224851038,4,0.0
1622224851,1.21795,1.21795,0.0,0,1622224851662,130,0.0
1622224852,1.21795,1.21796,0.0,0,1622224852785,4,0.0
1622224853,1.21796,1.21797,0.0,0,1622224853811,134,0.0
1622224854,1.21798,1.21798,0.0,0,1622224854310,134,0.0
1622224854,1.218,1.218,0.0,0,1622224854903,134,0.0
1622224855,1.218,1.21801,0.0,0,1622224855403,4,0.0
1622224855,1.21801,1.21801,0.0,0,1622224855930,130,0.0
1622224856,1.218,1.218,0.0,0,1622224856467,134,0.0
1622224856,1.218,1.21801,0.0,0,1622224856974,4,0.0
1622224857,1.21802,1.21802,0.0,0,1622224857703,134,0.0
1622224858,1.21802,1.21803,0.0,0,1622224858265,4,0.0
1622224860,1.21799,1.21799,0.0,0,1622224860249,134,0.0
1622224860,1.218,1.218,0.0,0,1622224860758,134,0.0
1622224861,1.21799,1.21799,0.0,0,1622224861260,134,0.0
1622224861,1.21799,1.218,0.0,0,1622224861866,4,0.0
1622224862,1.21805,1.21805,0.0,0,1622224862775,134,0.0
1622224863,1.21813,1.21813,0.0,0,1622224863293,134,0.0
1622224863,1.21812,1.21812,0.0,0,1622224863796,134,0.0
1622224864,1.21807,1.21807,0.0,0,1622224864960,134,0.0
1622224865,1.21808,1.2180900000000001,0.0,0,1622224865462,134,0.0
1622224865,1.2180900000000001,1.2180900000000001,0.0,0,1622224865987,130,0.0
1622224866,1.21812,1.21812,0.0,0,1622224866483,134,0.0
1622224866,1.21812,1.21813,0.0,0,1622224866988,4,0.0
1622224867,1.21815,1.21815,0.0,0,1622224867582,134,0.0
1622224868,1.21814,1.21814,0.0,0,1622224868081,134,0.0
1622224868,1.21813,1.21813,0.0,0,1622224868602,134,0.0
1622224870,1.21816,1.21816,0.0,0,1622224870561,134,0.0
1622224871,1.21814,1.21814,0.0,0,1622224871702,134,0.0
1622224872,1.21812,1.21812,0.0,0,1622224872237,134,0.0
1622224873,1.21813,1.21813,0.0,0,1622224873364,134,0.0
1622224873,1.21816,1.21816,0.0,0,1622224873887,134,0.0
1622224874,1.21817,1.21817,0.0,0,1622224874481,134,0.0
1622224874,1.21818,1.21818,0.0,0,1622224874983,134,0.0
1622224876,1.2181899999999999,1.2181899999999999,0.0,0,1622224876093,134,0.0
1622224876,1.21816,1.21816,0.0,0,1622224876599,134,0.0
1622224877,1.21813,1.21814,0.0,0,1622224877123,134,0.0
1622224878,1.21814,1.21814,0.0,0,1622224878503,130,0.0
1622224879,1.21813,1.21813,0.0,0,1622224879036,134,0.0
1622224879,1.21815,1.21815,0.0,0,1622224879543,134,0.0
1622224880,1.21814,1.21814,0.0,0,1622224880051,134,0.0
1622224880,1.21807,1.21807,0.0,0,1622224880594,134,0.0
1622224881,1.21808,1.21808,0.0,0,1622224881654,134,0.0
1622224882,1.2180900000000001,1.2180900000000001,0.0,0,1622224882155,134,0.0
1622224882,1.21807,1.21808,0.0,0,1622224882706,134,0.0
1622224883,1.21807,1.21807,0.0,0,1622224883233,4,0.0
1622224885,1.21805,1.21805,0.0,0,1622224885379,134,0.0
1622224885,1.21802,1.21802,0.0,0,1622224885884,134,0.0
1622224886,1.21803,1.21803,0.0,0,1622224886386,134,0.0
1622224889,1.21803,1.21804,0.0,0,1622224889067,4,0.0
1622224889,1.21803,1.21803,0.0,0,1622224889569,4,0.0
1622224890,1.21802,1.21802,0.0,0,1622224890111,134,0.0
1622224890,1.21803,1.21803,0.0,0,1622224890628,134,0.0
1622224892,1.21808,1.21808,0.0,0,1622224892424,134,0.0
1622224893,1.21808,1.2180900000000001,0.0,0,1622224893047,4,0.0
1622224893,1.21814,1.21814,0.0,0,1622224893562,134,0.0
1622224894,1.21813,1.21813,0.0,0,1622224894066,134,0.0
1622224894,1.21808,1.21808,0.0,0,1622224894853,134,0.0
1622224900,1.21807,1.21808,0.0,0,1622224900588,130,0.0
1622224901,1.2180900000000001,1.2180900000000001,0.0,0,1622224901149,134,0.0
1622224901,1.21812,1.21812,0.0,0,1622224901668,134,0.0
1622224902,1.21814,1.21814,0.0,0,1622224902248,134,0.0
1622224902,1.21815,1.21816,0.0,0,1622224902807,134,0.0
1622224903,1.21814,1.21814,0.0,0,1622224903457,134,0.0
1622224904,1.21815,1.21815,0.0,0,1622224904578,134,0.0
1622224905,1.21814,1.21814,0.0,0,1622224905081,134,0.0
1622224906,1.21806,1.21806,0.0,0,1622224906154,134,0.0
1622224906,1.21803,1.21803,0.0,0,1622224906665,134,0.0
1622224907,1.21805,1.21805,0.0,0,1622224907270,134,0.0
1622224908,1.21806,1.21806,0.0,0,1622224908429,134,0.0
1622224909,1.21806,1.21807,0.0,0,1622224909588,4,0.0
1622224910,1.21807,1.21808,0.0,0,1622224910168,134,0.0
1622224910,1.21805,1.21806,0.0,0,1622224910676,134,0.0
1622224913,1.21806,1.21807,0.0,0,1622224913340,134,0.0
1622224914,1.21806,1.21806,0.0,0,1622224914600,4,0.0
1622224915,1.21806,1.21807,0.0,0,1622224915205,4,0.0
1622224915,1.21805,1.21805,0.0,0,1622224915799,134,0.0
1622224916,1.21804,1.21804,0.0,0,1622224916337,134,0.0
1622224916,1.21806,1.21806,0.0,0,1622224916842,134,0.0
1622224917,1.21807,1.21807,0.0,0,1622224917861,134,0.0
1622224918,1.21808,1.21808,0.0,0,1622224918373,134,0.0
1622224920,1.21806,1.21806,0.0,0,1622224920149,134,0.0
1622224920,1.21802,1.21803,0.0,0,1622224920650,134,0.0
1622224921,1.21802,1.21802,0.0,0,1622224921249,4,0.0
1622224921,1.21802,1.21803,0.0,0,1622224921752,4,0.0
1622224922,1.21803,1.21803,0.0,0,1622224922622,130,0.0
1622224923,1.21802,1.21803,0.0,0,1622224923808,130,0.0
1622224924,1.21807,1.21807,0.0,0,1622224924520,134,0.0
1622224925,1.21808,1.21808,0.0,0,1622224925030,134,0.0
1622224925,1.21808,1.2180900000000001,0.0,0,1622224925604,4,0.0
1622224926,1.2181,1.21811,0.0,0,1622224926286,134,0.0
1622224926,1.21812,1.21813,0.0,0,1622224926787,134,0.0
1622224928,1.21816,1.21816,0.0,0,1622224928469,134,0.0
1622224930,1.21814,1.21814,0.0,0,1622224930165,134,0.0
1622224930,1.21812,1.21812,0.0,0,1622224930676,134,0.0
1622224931,1.21812,1.21813,0.0,0,1622224931370,4,0.0
1622224931,1.21814,1.21814,0.0,0,1622224931971,134,0.0
1622224932,1.21813,1.21813,0.0,0,1622224932486,134,0.0
1622224932,1.21817,1.21818,0.0,0,1622224932995,134,0.0
1622224933,1.21818,1.21818,0.0,0,1622224933653,130,0.0
1622224934,1.21817,1.21817,0.0,0,1622224934683,134,0.0
1622224935,1.21818,1.2181899999999999,0.0,0,1622224935371,134,0.0
1622224936,1.2182,1.21821,0.0,0,1622224936781,134,0.0
1622224937,1.21821,1.21821,0.0,0,1622224937321,130,0.0
1622224938,1.21818,1.2181899999999999,0.0,0,1622224938358,134,0.0
1622224938,1.2181899999999999,1.2181899999999999,0.0,0,1622224938865,130,0.0
1622224940,1.2182,1.2182,0.0,0,1622224940008,134,0.0
1622224940,1.21818,1.2181899999999999,0.0,0,1622224940537,134,0.0
1622224941,1.21815,1.21815,0.0,0,1622224941512,134,0.0
1622224942,1.21814,1.21815,0.0,0,1622224942093,130,0.0
1622224942,1.21815,1.21815,0.0,0,1622224942605,130,0.0
1622224943,1.21816,1.21816,0.0,0,1622224943175,134,0.0
1622224943,1.21816,1.21817,0.0,0,1622224943710,4,0.0
1622224944,1.21817,1.21817,0.0,0,1622224944236,130,0.0
1622224946,1.21818,1.21818,0.0,0,1622224946117,134,0.0
1622224947,1.21817,1.21817,0.0,0,1622224947223,134,0.0
1622224950,1.21818,1.2181899999999999,0.0,0,1622224950036,134,0.0
1622224950,1.21815,1.21816,0.0,0,1622224950557,134,0.0
1622224951,1.21817,1.21817,0.0,0,1622224951163,134,0.0
1622224953,1.21815,1.21815,0.0,0,1622224953129,134,0.0
1622224954,1.21814,1.21815,0.0,0,1622224954867,130,0.0
1622224957,1.21814,1.21814,0.0,0,1622224957457,4,0.0
1622224958,1.21818,1.21818,0.0,0,1622224958551,134,0.0
1622224960,1.21816,1.21816,0.0,0,1622224960294,134,0.0
1622224961,1.21817,1.21817,0.0,0,1622224961160,134,0.0
1622224963,1.21824,1.21824,0.0,0,1622224963580,134,0.0
1622224964,1.21825,1.21826,0.0,0,1622224964089,134,0.0
1622224965,1.21826,1.21826,0.0,0,1622224965256,130,0.0
1622224965,1.21831,1.21831,0.0,0,1622224965765,134,0.0
1622224966,1.21831,1.21832,0.0,0,1622224966323,4,0.0
1622224969,1.2183,1.21832,0.0,0,1622224969560,130,0.0
1622224970,1.21828,1.21828,0.0,0,1622224970187,134,0.0
1622224970,1.21827,1.21827,0.0,0,1622224970704,134,0.0
1622224976,1.21827,1.21828,0.0,0,1622224976816,4,0.0
1622224977,1.21831,1.21831,0.0,0,1622224977461,134,0.0
1622224979,1.21829,1.2183,0.0,0,1622224979305,134,0.0
1622224980,1.21826,1.21826,0.0,0,1622224980338,134,0.0
1622224980,1.21825,1.21825,0.0,0,1622224980846,134,0.0
1622224981,1.21826,1.21826,0.0,0,1622224981352,134,0.0
1622224982,1.21827,1.21827,0.0,0,1622224982548,134,0.0
1622224983,1.21826,1.21827,0.0,0,1622224983088,130,0.0
1622224983,1.21827,1.21827,0.0,0,1622224983614,130,0.0
1622224984,1.21829,1.2183,0.0,0,1622224984168,134,0.0
1622224984,1.2183,1.2183,0.0,0,1622224984701,130,0.0
1622224986,1.21831,1.21832,0.0,0,1622224986184,134,0.0
1622224986,1.21832,1.21832,0.0,0,1622224986794,130,0.0
1622224987,1.21829,1.2183,0.0,0,1622224987566,134,0.0
1622224988,1.21829,1.21829,0.0,0,1622224988220,4,0.0
1622224988,1.21828,1.21828,0.0,0,1622224988769,134,0.0
1622224990,1.21823,1.21823,0.0,0,1622224990134,134,0.0
1622224995,1.21824,1.21824,0.0,0,1622224995138,134,0.0
1622224995,1.21823,1.21823,0.0,0,1622224995668,134,0.0
1622224998,1.21825,1.21825,0.0,0,1622224998506,134,0.0
1622225000,1.21824,1.21824,0.0,0,1622225000634,134,0.0
1622225003,1.21824,1.21825,0.0,0,1622225003225,4,0.0
1622225006,1.21824,1.21824,0.0,0,1622225006295,4,0.0
1622225007,1.21823,1.21823,0.0,0,1622225007907,134,0.0
1622225009,1.21822,1.21822,0.0,0,1622225009699,134,0.0
1622225010,1.21818,1.21818,0.0,0,1622225010267,134,0.0
1622225010,1.21815,1.21815,0.0,0,1622225010797,134,0.0
1622225011,1.2181,1.2181,0.0,0,1622225011329,134,0.0
1622225011,1.21807,1.21808,0.0,0,1622225011836,134,0.0
1622225013,1.21808,1.21808,0.0,0,1622225013588,130,0.0
1622225014,1.21808,1.2180900000000001,0.0,0,1622225014143,4,0.0
1622225014,1.21808,1.21808,0.0,0,1622225014654,4,0.0
1622225015,1.21807,1.21807,0.0,0,1622225015946,134,0.0
1622225016,1.21803,1.21803,0.0,0,1622225016458,134,0.0
1622225017,1.21805,1.21805,0.0,0,1622225017558,134,0.0
1622225018,1.21804,1.21804,0.0,0,1622225018062,134,0.0
1622225018,1.21807,1.21808,0.0,0,1622225018589,134,0.0
1622225019,1.21807,1.21807,0.0,0,1622225019099,4,0.0
1622225019,1.21803,1.21803,0.0,0,1622225019670,134,0.0
1622225020,1.21802,1.21802,0.0,0,1622225020208,134,0.0
1622225021,1.21798,1.21798,0.0,0,1622225021323,134,0.0
1622225021,1.21797,1.21798,0.0,0,1622225021826,130,0.0
1622225028,1.21798,1.21798,0.0,0,1622225028088,130,0.0
1622225028,1.218,1.21801,0.0,0,1622225028096,134,0.0
1622225028,1.21803,1.21804,0.0,0,1622225028099,134,0.0
1622225028,1.21806,1.21806,0.0,0,1622225028100,134,0.0
1622225028,1.21804,1.21805,0.0,0,1622225028101,134,0.0
1622225028,1.21804,1.21806,0.0,0,1622225028101,4,0.0
1622225028,1.218,1.21801,0.0,0,1622225028169,134,0.0
1622225028,1.21805,1.21805,0.0,0,1622225028697,134,0.0
1622225029,1.21804,1.21804,0.0,0,1622225029217,134,0.0
1622225029,1.21804,1.21805,0.0,0,1622225029781,4,0.0
1622225030,1.21802,1.21802,0.0,0,1622225030512,134,0.0
1622225031,1.21802,1.21803,0.0,0,1622225031760,4,0.0
1622225032,1.21805,1.21806,0.0,0,1622225032397,134,0.0
1622225034,1.21804,1.21805,0.0,0,1622225034195,134,0.0
1622225034,1.21806,1.21807,0.0,0,1622225034999,134,0.0
1622225036,1.21805,1.21806,0.0,0,1622225036029,134,0.0
1622225039,1.21808,1.21808,0.0,0,1622225039522,134,0.0
1622225040,1.21813,1.21813,0.0,0,1622225040048,134,0.0
1622225040,1.2181,1.21811,0.0,0,1622225040962,134,0.0
1622225044,1.21808,1.2180900000000001,0.0,0,1622225044046,134,0.0
1622225044,1.21812,1.21812,0.0,0,1622225044982,134,0.0
1622225045,1.21813,1.21813,0.0,0,1622225045504,134,0.0
1622225046,1.21816,1.21816,0.0,0,1622225046090,134,0.0
1622225046,1.21816,1.21817,0.0,0,1622225046590,4,0.0
1622225047,1.21817,1.21818,0.0,0,1622225047514,134,0.0
1622225048,1.21817,1.21817,0.0,0,1622225048062,4,0.0
1622225048,1.21818,1.21818,0.0,0,1622225048652,134,0.0
1622225049,1.2181899999999999,1.2181899999999999,0.0,0,1622225049768,134,0.0
1622225051,1.2181899999999999,1.2182,0.0,0,1622225051190,4,0.0
1622225051,1.2182,1.2182,0.0,0,1622225051749,130,0.0
1622225052,1.21823,1.21824,0.0,0,1622225052335,134,0.0
1622225052,1.21829,1.21829,0.0,0,1622225052895,134,0.0
1622225053,1.2183,1.2183,0.0,0,1622225053405,134,0.0
1622225053,1.2183,1.21831,0.0,0,1622225053968,4,0.0
1622225055,1.21831,1.21831,0.0,0,1622225055043,130,0.0
1622225056,1.21831,1.21832,0.0,0,1622225056939,4,0.0
1622225057,1.21835,1.21836,0.0,0,1622225057448,134,0.0
1622225058,1.21836,1.21836,0.0,0,1622225058046,130,0.0
1622225058,1.21835,1.21835,0.0,0,1622225058545,134,0.0
1622225059,1.21835,1.21836,0.0,0,1622225059112,4,0.0
1622225059,1.21837,1.21837,0.0,0,1622225059992,134,0.0
1622225061,1.21837,1.21838,0.0,0,1622225061952,4,0.0
1622225064,1.21834,1.21835,0.0,0,1622225064282,134,0.0
1622225064,1.21829,1.2183,0.0,0,1622225064861,134,0.0
1622225066,1.21828,1.21829,0.0,0,1622225066465,134,0.0
1622225070,1.21828,1.21828,0.0,0,1622225070231,4,0.0
1622225070,1.21827,1.21828,0.0,0,1622225070734,130,0.0
1622225072,1.21827,1.21829,0.0,0,1622225072540,4,0.0
1622225074,1.21827,1.21828,0.0,0,1622225074045,4,0.0
1622225075,1.21827,1.21829,0.0,0,1622225075721,4,0.0
1622225076,1.2183,1.2183,0.0,0,1622225076310,134,0.0
1622225076,1.21833,1.21833,0.0,0,1622225076836,134,0.0
1622225077,1.21832,1.21833,0.0,0,1622225077902,130,0.0
