time,bid,ask,last,volume,time_msc,flags,volume_real
1738179221,155.347,155.357,0.0,0,1738179221869,134,0.0
1738179221,155.349,155.358,0.0,0,1738179221890,134,0.0
1738179221,155.35,155.36,0.0,0,1738179221899,134,0.0
1738179221,155.352,155.362,0.0,0,1738179221929,134,0.0
1738179222,155.349,155.359,0.0,0,1738179222223,134,0.0
1738179222,155.346,155.356,0.0,0,1738179222231,134,0.0
1738179222,155.344,155.354,0.0,0,1738179222235,134,0.0
1738179222,155.342,155.352,0.0,0,1738179222257,134,0.0
1738179222,155.34,155.35,0.0,0,1738179222258,134,0.0
1738179222,155.338,155.348,0.0,0,1738179222260,134,0.0
1738179222,155.336,155.346,0.0,0,1738179222272,134,0.0
1738179222,155.335,155.344,0.0,0,1738179222281,134,0.0
1738179222,155.333,155.343,0.0,0,1738179222289,134,0.0
1738179222,155.332,155.341,0.0,0,1738179222628,134,0.0
1738179223,155.33,155.34,0.0,0,1738179223724,134,0.0
1738179224,155.334,155.344,0.0,0,1738179224011,134,0.0
1738179224,155.336,155.346,0.0,0,1738179224024,134,0.0
1738179224,155.338,155.348,0.0,0,1738179224028,134,0.0
1738179224,155.339,155.349,0.0,0,1738179224051,134,0.0
1738179224,155.342,155.352,0.0,0,1738179224055,134,0.0
1738179224,155.344,155.354,0.0,0,1738179224059,134,0.0
1738179224,155.346,155.355,0.0,0,1738179224067,134,0.0
1738179224,155.347,155.357,0.0,0,1738179224084,134,0.0
1738179224,155.349,155.358,0.0,0,1738179224090,134,0.0
1738179224,155.351,155.361,0.0,0,1738179224128,134,0.0
1738179224,155.353,155.363,0.0,0,1738179224244,134,0.0
1738179224,155.355,155.364,0.0,0,1738179224278,134,0.0
1738179224,155.356,155.366,0.0,0,1738179224294,134,0.0
1738179225,155.357,155.367,0.0,0,1738179225096,134,0.0
1738179225,155.36,155.369,0.0,0,1738179225128,134,0.0
1738179225,155.361,155.371,0.0,0,1738179225139,134,0.0
1738179225,155.362,155.372,0.0,0,1738179225236,134,0.0
1738179225,155.364,155.374,0.0,0,1738179225238,134,0.0
1738179225,155.365,155.375,0.0,0,1738179225245,134,0.0
1738179225,155.367,155.377,0.0,0,1738179225248,134,0.0
1738179225,155.369,155.379,0.0,0,1738179225252,134,0.0
1738179225,155.371,155.381,0.0,0,1738179225257,134,0.0
1738179225,155.373,155.383,0.0,0,1738179225273,134,0.0
1738179225,155.374,155.384,0.0,0,1738179225289,134,0.0
1738179225,155.376,155.386,0.0,0,1738179225293,134,0.0
1738179225,155.382,155.391,0.0,0,1738179225293,134,0.0
1738179225,155.383,155.393,0.0,0,1738179225300,134,0.0
1738179225,155.385,155.395,0.0,0,1738179225326,134,0.0
1738179225,155.386,155.396,0.0,0,1738179225335,134,0.0
1738179225,155.388,155.398,0.0,0,1738179225339,134,0.0
1738179225,155.39,155.4,0.0,0,1738179225343,134,0.0
1738179225,155.391,155.401,0.0,0,1738179225346,134,0.0
1738179225,155.393,155.403,0.0,0,1738179225383,134,0.0
1738179225,155.395,155.405,0.0,0,1738179225404,134,0.0
1738179225,155.396,155.406,0.0,0,1738179225417,134,0.0
1738179225,155.398,155.408,0.0,0,1738179225431,134,0.0
1738179225,155.395,155.404,0.0,0,1738179225456,134,0.0
1738179225,155.392,155.402,0.0,0,1738179225481,134,0.0
1738179225,155.39,155.4,0.0,0,1738179225502,134,0.0
1738179225,155.389,155.398,0.0,0,1738179225580,134,0.0
1738179225,155.392,155.402,0.0,0,1738179225759,134,0.0
1738179225,155.395,155.405,0.0,0,1738179225907,134,0.0
1738179225,155.397,155.406,0.0,0,1738179225938,134,0.0
1738179225,155.399,155.408,0.0,0,1738179225945,134,0.0
1738179225,155.4,155.41,0.0,0,1738179225946,134,0.0
1738179225,155.402,155.412,0.0,0,1738179225951,134,0.0
1738179225,155.404,155.413,0.0,0,1738179225969,134,0.0
1738179225,155.406,155.415,0.0,0,1738179225977,134,0.0
1738179225,155.408,155.418,0.0,0,1738179225996,134,0.0
1738179226,155.41,155.42,0.0,0,1738179226021,134,0.0
1738179226,155.413,155.423,0.0,0,1738179226028,134,0.0
1738179226,155.414,155.424,0.0,0,1738179226031,134,0.0
1738179226,155.416,155.426,0.0,0,1738179226084,134,0.0
1738179226,155.417,155.427,0.0,0,1738179226131,134,0.0
1738179226,155.419,155.428,0.0,0,1738179226173,134,0.0
1738179226,155.42,155.43,0.0,0,1738179226182,134,0.0
1738179226,155.422,155.432,0.0,0,1738179226188,134,0.0
1738179226,155.418,155.428,0.0,0,1738179226233,134,0.0
1738179226,155.421,155.431,0.0,0,1738179226376,134,0.0
1738179226,155.423,155.433,0.0,0,1738179226383,134,0.0
1738179226,155.425,155.435,0.0,0,1738179226433,134,0.0
1738179226,155.427,155.436,0.0,0,1738179226507,134,0.0
1738179226,155.429,155.439,0.0,0,1738179226599,134,0.0
1738179226,155.43,155.44,0.0,0,1738179226641,134,0.0
1738179226,155.432,155.442,0.0,0,1738179226648,134,0.0
1738179226,155.434,155.443,0.0,0,1738179226655,134,0.0
1738179226,155.435,155.445,0.0,0,1738179226659,134,0.0
1738179226,155.437,155.447,0.0,0,1738179226793,134,0.0
1738179226,155.433,155.443,0.0,0,1738179226869,134,0.0
1738179226,155.431,155.441,0.0,0,1738179226896,134,0.0
1738179226,155.429,155.439,0.0,0,1738179226906,134,0.0
1738179226,155.427,155.437,0.0,0,1738179226918,134,0.0
1738179227,155.426,155.435,0.0,0,1738179227062,134,0.0
1738179227,155.424,155.434,0.0,0,1738179227094,134,0.0
1738179227,155.423,155.432,0.0,0,1738179227100,134,0.0
1738179227,155.421,155.431,0.0,0,1738179227109,134,0.0
1738179227,155.42,155.429,0.0,0,1738179227124,134,0.0
1738179227,155.417,155.426,0.0,0,1738179227133,134,0.0
1738179227,155.415,155.425,0.0,0,1738179227298,134,0.0
1738179227,155.413,155.423,0.0,0,1738179227304,134,0.0
1738179227,155.412,155.422,0.0,0,1738179227312,134,0.0
1738179227,155.411,155.42,0.0,0,1738179227318,134,0.0
1738179227,155.408,155.418,0.0,0,1738179227332,134,0.0
1738179227,155.406,155.416,0.0,0,1738179227336,134,0.0
1738179227,155.404,155.414,0.0,0,1738179227367,134,0.0
1738179227,155.402,155.412,0.0,0,1738179227395,134,0.0
1738179227,155.401,155.411,0.0,0,1738179227399,134,0.0
1738179227,155.398,155.408,0.0,0,1738179227416,134,0.0
1738179227,155.397,155.407,0.0,0,1738179227421,134,0.0
1738179227,155.395,155.405,0.0,0,1738179227476,134,0.0
1738179227,155.399,155.408,0.0,0,1738179227502,134,0.0
1738179227,155.402,155.412,0.0,0,1738179227502,134,0.0
1738179227,155.404,155.414,0.0,0,1738179227502,134,0.0
1738179227,155.405,155.415,0.0,0,1738179227504,134,0.0
1738179227,155.407,155.417,0.0,0,1738179227600,134,0.0
1738179227,155.404,155.413,0.0,0,1738179227684,134,0.0
1738179227,155.401,155.411,0.0,0,1738179227701,134,0.0
1738179227,155.399,155.409,0.0,0,1738179227708,134,0.0
1738179227,155.397,155.407,0.0,0,1738179227730,134,0.0
1738179227,155.395,155.405,0.0,0,1738179227745,134,0.0
1738179227,155.393,155.403,0.0,0,1738179227750,134,0.0
1738179227,155.391,155.401,0.0,0,1738179227762,134,0.0
1738179227,155.389,155.399,0.0,0,1738179227766,134,0.0
1738179227,155.392,155.402,0.0,0,1738179227845,134,0.0
1738179228,155.395,155.404,0.0,0,1738179228312,134,0.0
1738179228,155.396,155.406,0.0,0,1738179228395,134,0.0
1738179228,155.398,155.408,0.0,0,1738179228397,134,0.0
1738179228,155.4,155.41,0.0,0,1738179228404,134,0.0
1738179228,155.401,155.411,0.0,0,1738179228410,134,0.0
1738179228,155.403,155.413,0.0,0,1738179228415,134,0.0
1738179228,155.405,155.414,0.0,0,1738179228442,134,0.0
1738179228,155.406,155.416,0.0,0,1738179228471,134,0.0
1738179228,155.408,155.417,0.0,0,1738179228716,134,0.0
1738179228,155.409,155.419,0.0,0,1738179228812,134,0.0
1738179228,155.411,155.421,0.0,0,1738179228821,134,0.0
1738179228,155.413,155.423,0.0,0,1738179228823,134,0.0
1738179228,155.415,155.425,0.0,0,1738179228843,134,0.0
1738179228,155.418,155.427,0.0,0,1738179228848,134,0.0
1738179229,155.417,155.427,0.0,0,1738179229848,130,0.0
1738179229,155.414,155.423,0.0,0,1738179229854,134,0.0
1738179229,155.412,155.421,0.0,0,1738179229859,134,0.0
1738179229,155.41,155.42,0.0,0,1738179229869,134,0.0
1738179230,155.408,155.418,0.0,0,1738179230081,134,0.0
1738179230,155.407,155.416,0.0,0,1738179230149,134,0.0
1738179230,155.405,155.415,0.0,0,1738179230499,134,0.0
1738179230,155.408,155.418,0.0,0,1738179230916,134,0.0
1738179230,155.41,155.42,0.0,0,1738179230920,134,0.0
1738179230,155.413,155.422,0.0,0,1738179230920,134,0.0
1738179230,155.414,155.424,0.0,0,1738179230926,134,0.0
1738179230,155.417,155.427,0.0,0,1738179230941,134,0.0
1738179230,155.421,155.431,0.0,0,1738179230959,134,0.0
1738179230,155.423,155.433,0.0,0,1738179230961,134,0.0
1738179231,155.42,155.43,0.0,0,1738179231667,134,0.0
1738179231,155.417,155.427,0.0,0,1738179231680,134,0.0
1738179231,155.415,155.425,0.0,0,1738179231683,134,0.0
1738179231,155.413,155.423,0.0,0,1738179231719,134,0.0
1738179231,155.409,155.419,0.0,0,1738179231726,134,0.0
1738179231,155.408,155.418,0.0,0,1738179231737,134,0.0
1738179231,155.406,155.416,0.0,0,1738179231850,134,0.0
1738179231,155.405,155.415,0.0,0,1738179231934,134,0.0
1738179232,155.408,155.418,0.0,0,1738179232071,134,0.0
1738179233,155.406,155.416,0.0,0,1738179233039,134,0.0
1738179233,155.409,155.419,0.0,0,1738179233177,134,0.0
1738179233,155.411,155.421,0.0,0,1738179233763,134,0.0
1738179233,155.413,155.423,0.0,0,1738179233824,134,0.0
1738179233,155.415,155.425,0.0,0,1738179233845,134,0.0
1738179234,155.411,155.421,0.0,0,1738179234099,134,0.0
1738179234,155.409,155.419,0.0,0,1738179234108,134,0.0
1738179234,155.407,155.416,0.0,0,1738179234116,134,0.0
1738179234,155.405,155.415,0.0,0,1738179234118,134,0.0
1738179234,155.404,155.414,0.0,0,1738179234134,134,0.0
1738179234,155.4,155.41,0.0,0,1738179234137,134,0.0
1738179234,155.399,155.408,0.0,0,1738179234145,134,0.0
1738179234,155.397,155.407,0.0,0,1738179234240,134,0.0
1738179234,155.401,155.41,0.0,0,1738179234265,134,0.0
1738179234,155.398,155.408,0.0,0,1738179234359,134,0.0
1738179234,155.396,155.406,0.0,0,1738179234422,134,0.0
1738179234,155.394,155.404,0.0,0,1738179234447,134,0.0
1738179234,155.392,155.402,0.0,0,1738179234480,134,0.0
1738179234,155.396,155.405,0.0,0,1738179234722,134,0.0
1738179235,155.397,155.407,0.0,0,1738179235286,134,0.0
1738179235,155.399,155.409,0.0,0,1738179235529,134,0.0
1738179236,155.401,155.411,0.0,0,1738179236391,134,0.0
1738179236,155.397,155.406,0.0,0,1738179236510,134,0.0
1738179236,155.394,155.403,0.0,0,1738179236523,134,0.0
1738179236,155.392,155.401,0.0,0,1738179236528,134,0.0
1738179237,155.396,155.406,0.0,0,1738179237071,134,0.0
1738179237,155.398,155.408,0.0,0,1738179237071,134,0.0
1738179237,155.4,155.41,0.0,0,1738179237075,134,0.0
1738179237,155.397,155.406,0.0,0,1738179237154,134,0.0
1738179237,155.394,155.404,0.0,0,1738179237460,134,0.0
1738179237,155.392,155.402,0.0,0,1738179237461,134,0.0
1738179237,155.39,155.4,0.0,0,1738179237462,134,0.0
1738179237,155.389,155.398,0.0,0,1738179237466,134,0.0
1738179237,155.387,155.397,0.0,0,1738179237476,134,0.0
1738179237,155.386,155.395,0.0,0,1738179237519,134,0.0
1738179237,155.381,155.391,0.0,0,1738179237524,134,0.0
1738179237,155.379,155.389,0.0,0,1738179237530,134,0.0
1738179237,155.383,155.392,0.0,0,1738179237644,134,0.0
1738179238,155.38,155.39,0.0,0,1738179238607,134,0.0
1738179238,155.385,155.394,0.0,0,1738179238619,134,0.0
1738179238,155.387,155.396,0.0,0,1738179238622,134,0.0
1738179238,155.388,155.398,0.0,0,1738179238628,134,0.0
1738179238,155.39,155.4,0.0,0,1738179238675,134,0.0
1738179238,155.391,155.401,0.0,0,1738179238676,134,0.0
1738179238,155.393,155.403,0.0,0,1738179238689,134,0.0
1738179238,155.394,155.404,0.0,0,1738179238805,134,0.0
1738179238,155.396,155.406,0.0,0,1738179238852,134,0.0
1738179239,155.392,155.402,0.0,0,1738179239356,134,0.0
1738179239,155.389,155.399,0.0,0,1738179239369,134,0.0
1738179239,155.387,155.397,0.0,0,1738179239388,134,0.0
1738179239,155.385,155.394,0.0,0,1738179239398,134,0.0
1738179239,155.383,155.393,0.0,0,1738179239404,134,0.0
1738179239,155.382,155.391,0.0,0,1738179239468,134,0.0
1738179239,155.386,155.396,0.0,0,1738179239495,134,0.0
1738179239,155.388,155.398,0.0,0,1738179239511,134,0.0
1738179239,155.39,155.4,0.0,0,1738179239522,134,0.0
1738179239,155.392,155.402,0.0,0,1738179239540,134,0.0
1738179239,155.394,155.403,0.0,0,1738179239777,134,0.0
1738179239,155.395,155.405,0.0,0,1738179239785,134,0.0
1738179239,155.397,155.407,0.0,0,1738179239787,134,0.0
1738179239,155.398,155.408,0.0,0,1738179239792,134,0.0
1738179239,155.4,155.41,0.0,0,1738179239792,134,0.0
1738179239,155.402,155.411,0.0,0,1738179239808,134,0.0
1738179239,155.406,155.415,0.0,0,1738179239811,134,0.0
1738179239,155.41,155.42,0.0,0,1738179239843,134,0.0
1738179239,155.408,155.418,0.0,0,1738179239924,134,0.0
1738179240,155.405,155.414,0.0,0,1738179240163,134,0.0
1738179240,155.402,155.412,0.0,0,1738179240187,134,0.0
1738179241,155.403,155.412,0.0,0,1738179241218,130,0.0
1738179241,155.401,155.411,0.0,0,1738179241698,134,0.0
1738179241,155.397,155.407,0.0,0,1738179241735,134,0.0
1738179241,155.396,155.406,0.0,0,1738179241743,134,0.0
1738179241,155.395,155.404,0.0,0,1738179241756,134,0.0
1738179242,155.394,155.404,0.0,0,1738179242777,130,0.0
1738179243,155.397,155.407,0.0,0,1738179243327,134,0.0
1738179244,155.399,155.409,0.0,0,1738179244241,134,0.0
1738179244,155.401,155.411,0.0,0,1738179244309,134,0.0
1738179244,155.403,155.413,0.0,0,1738179244420,134,0.0
1738179244,155.405,155.414,0.0,0,1738179244455,134,0.0
1738179244,155.407,155.416,0.0,0,1738179244617,134,0.0
1738179244,155.408,155.418,0.0,0,1738179244618,134,0.0
1738179244,155.405,155.415,0.0,0,1738179244718,134,0.0
1738179245,155.404,155.414,0.0,0,1738179245748,134,0.0
1738179245,155.407,155.417,0.0,0,1738179245784,134,0.0
1738179246,155.409,155.419,0.0,0,1738179246231,134,0.0
1738179246,155.411,155.42,0.0,0,1738179246234,134,0.0
1738179246,155.412,155.422,0.0,0,1738179246242,134,0.0
1738179246,155.414,155.424,0.0,0,1738179246246,134,0.0
1738179246,155.416,155.425,0.0,0,1738179246257,134,0.0
1738179246,155.417,155.427,0.0,0,1738179246265,134,0.0
1738179246,155.414,155.424,0.0,0,1738179246365,134,0.0
1738179246,155.411,155.421,0.0,0,1738179246614,134,0.0
1738179246,155.409,155.419,0.0,0,1738179246622,134,0.0
1738179246,155.407,155.417,0.0,0,1738179246650,134,0.0
1738179246,155.406,155.416,0.0,0,1738179246698,134,0.0
1738179247,155.41,155.42,0.0,0,1738179247119,134,0.0
1738179247,155.412,155.422,0.0,0,1738179247127,134,0.0
1738179247,155.414,155.424,0.0,0,1738179247129,134,0.0
1738179247,155.415,155.425,0.0,0,1738179247138,134,0.0
1738179247,155.412,155.422,0.0,0,1738179247406,134,0.0
1738179247,155.41,155.42,0.0,0,1738179247419,134,0.0
1738179247,155.413,155.423,0.0,0,1738179247516,134,0.0
1738179248,155.415,155.425,0.0,0,1738179248519,134,0.0
1738179248,155.417,155.427,0.0,0,1738179248794,134,0.0
1738179248,155.419,155.428,0.0,0,1738179248798,134,0.0
1738179249,155.419,155.429,0.0,0,1738179249811,4,0.0
1738179250,155.416,155.425,0.0,0,1738179250235,134,0.0
1738179250,155.413,155.423,0.0,0,1738179250243,134,0.0
1738179250,155.412,155.421,0.0,0,1738179250259,134,0.0
1738179250,155.41,155.419,0.0,0,1738179250326,134,0.0
1738179250,155.408,155.418,0.0,0,1738179250524,134,0.0
1738179250,155.406,155.416,0.0,0,1738179250589,134,0.0
1738179250,155.405,155.414,0.0,0,1738179250599,134,0.0
1738179251,155.408,155.418,0.0,0,1738179251209,134,0.0
1738179251,155.41,155.42,0.0,0,1738179251268,134,0.0
1738179251,155.407,155.416,0.0,0,1738179251578,134,0.0
1738179251,155.405,155.414,0.0,0,1738179251659,134,0.0
1738179251,155.403,155.413,0.0,0,1738179251880,134,0.0
1738179251,155.4,155.41,0.0,0,1738179251884,134,0.0
1738179251,155.398,155.408,0.0,0,1738179251903,134,0.0
1738179252,155.402,155.412,0.0,0,1738179252326,134,0.0
1738179252,155.405,155.415,0.0,0,1738179252347,134,0.0
1738179253,155.406,155.416,0.0,0,1738179253028,134,0.0
1738179253,155.408,155.418,0.0,0,1738179253056,134,0.0
1738179253,155.41,155.42,0.0,0,1738179253146,134,0.0
1738179253,155.412,155.422,0.0,0,1738179253223,134,0.0
1738179253,155.414,155.424,0.0,0,1738179253284,134,0.0
1738179253,155.415,155.425,0.0,0,1738179253467,134,0.0
1738179253,155.417,155.426,0.0,0,1738179253533,134,0.0
1738179254,155.418,155.428,0.0,0,1738179254186,134,0.0
1738179254,155.415,155.425,0.0,0,1738179254879,134,0.0
1738179255,155.418,155.428,0.0,0,1738179255273,134,0.0
1738179255,155.42,155.43,0.0,0,1738179255274,134,0.0
1738179255,155.422,155.432,0.0,0,1738179255276,134,0.0
1738179255,155.424,155.434,0.0,0,1738179255297,134,0.0
1738179255,155.426,155.436,0.0,0,1738179255516,134,0.0
1738179255,155.422,155.432,0.0,0,1738179255634,134,0.0
1738179256,155.425,155.435,0.0,0,1738179256211,134,0.0
1738179256,155.428,155.437,0.0,0,1738179256256,134,0.0
1738179256,155.429,155.439,0.0,0,1738179256474,134,0.0
1738179256,155.431,155.441,0.0,0,1738179256484,134,0.0
1738179256,155.432,155.442,0.0,0,1738179256491,134,0.0
1738179256,155.434,155.444,0.0,0,1738179256519,134,0.0
1738179256,155.436,155.445,0.0,0,1738179256557,134,0.0
1738179257,155.438,155.447,0.0,0,1738179257274,134,0.0
1738179257,155.439,155.449,0.0,0,1738179257357,134,0.0
1738179257,155.441,155.451,0.0,0,1738179257390,134,0.0
1738179257,155.442,155.452,0.0,0,1738179257432,134,0.0
1738179257,155.445,155.455,0.0,0,1738179257880,134,0.0
1738179259,155.442,155.452,0.0,0,1738179259075,134,0.0
1738179259,155.44,155.45,0.0,0,1738179259794,134,0.0
1738179259,155.438,155.448,0.0,0,1738179259884,134,0.0
1738179261,155.437,155.447,0.0,0,1738179261269,134,0.0
1738179261,155.441,155.451,0.0,0,1738179261304,134,0.0
1738179261,155.443,155.453,0.0,0,1738179261709,134,0.0
1738179262,155.441,155.451,0.0,0,1738179262774,134,0.0
1738179263,155.444,155.454,0.0,0,1738179263003,134,0.0
1738179263,155.446,155.456,0.0,0,1738179263065,134,0.0
1738179263,155.448,155.458,0.0,0,1738179263089,134,0.0
1738179263,155.444,155.454,0.0,0,1738179263153,134,0.0
1738179263,155.442,155.452,0.0,0,1738179263232,134,0.0
1738179263,155.44,155.45,0.0,0,1738179263328,134,0.0
1738179263,155.438,155.448,0.0,0,1738179263340,134,0.0
1738179263,155.437,155.447,0.0,0,1738179263359,134,0.0
1738179263,155.44,155.45,0.0,0,1738179263416,134,0.0
1738179263,155.443,155.452,0.0,0,1738179263651,134,0.0
1738179264,155.44,155.449,0.0,0,1738179264236,134,0.0
1738179264,155.437,155.447,0.0,0,1738179264244,134,0.0
1738179264,155.435,155.445,0.0,0,1738179264270,134,0.0
1738179264,155.433,155.443,0.0,0,1738179264330,134,0.0
1738179264,155.432,155.441,0.0,0,1738179264354,134,0.0
1738179264,155.43,155.44,0.0,0,1738179264380,134,0.0
1738179264,155.428,155.438,0.0,0,1738179264457,134,0.0
1738179264,155.427,155.436,0.0,0,1738179264482,134,0.0
1738179265,155.426,155.436,0.0,0,1738179265485,130,0.0
1738179265,155.429,155.439,0.0,0,1738179265765,134,0.0
1738179267,155.427,155.437,0.0,0,1738179267357,134,0.0
1738179267,155.43,155.44,0.0,0,1738179267519,134,0.0
1738179268,155.427,155.437,0.0,0,1738179268357,134,0.0
1738179268,155.425,155.435,0.0,0,1738179268360,134,0.0
1738179268,155.423,155.433,0.0,0,1738179268370,134,0.0
1738179268,155.421,155.431,0.0,0,1738179268381,134,0.0
1738179268,155.42,155.429,0.0,0,1738179268401,134,0.0
1738179268,155.418,155.427,0.0,0,1738179268410,134,0.0
1738179269,155.416,155.426,0.0,0,1738179269193,134,0.0
1738179270,155.417,155.427,0.0,0,1738179270284,134,0.0
1738179271,155.42,155.429,0.0,0,1738179271284,134,0.0
1738179271,155.422,155.431,0.0,0,1738179271290,134,0.0
1738179271,155.419,155.428,0.0,0,1738179271777,134,0.0
1738179272,155.421,155.431,0.0,0,1738179272165,134,0.0
1738179272,155.418,155.428,0.0,0,1738179272440,134,0.0
1738179272,155.421,155.431,0.0,0,1738179272952,134,0.0
1738179272,155.423,155.433,0.0,0,1738179272956,134,0.0
1738179272,155.425,155.435,0.0,0,1738179272962,134,0.0
1738179272,155.427,155.437,0.0,0,1738179272966,134,0.0
1738179272,155.429,155.438,0.0,0,1738179272984,134,0.0
1738179273,155.43,155.44,0.0,0,1738179273006,134,0.0
1738179273,155.427,155.437,0.0,0,1738179273832,134,0.0
1738179273,155.424,155.434,0.0,0,1738179273848,134,0.0
1738179275,155.425,155.435,0.0,0,1738179275036,134,0.0
1738179275,155.428,155.438,0.0,0,1738179275425,134,0.0
1738179276,155.428,155.437,0.0,0,1738179276510,4,0.0
1738179276,155.425,155.435,0.0,0,1738179276985,134,0.0
1738179276,155.423,155.433,0.0,0,1738179276996,134,0.0
1738179277,155.421,155.431,0.0,0,1738179277160,134,0.0
1738179278,155.423,155.433,0.0,0,1738179278161,134,0.0
1738179278,155.426,155.435,0.0,0,1738179278822,134,0.0
1738179278,155.427,155.437,0.0,0,1738179278835,134,0.0
1738179278,155.429,155.439,0.0,0,1738179278855,134,0.0
1738179278,155.431,155.441,0.0,0,1738179278885,134,0.0
1738179278,155.433,155.443,0.0,0,1738179278979,134,0.0
1738179278,155.434,155.444,0.0,0,1738179278984,134,0.0
1738179278,155.436,155.446,0.0,0,1738179278988,134,0.0
1738179278,155.437,155.447,0.0,0,1738179278995,134,0.0
1738179279,155.434,155.444,0.0,0,1738179279039,134,0.0
1738179279,155.431,155.441,0.0,0,1738179279055,134,0.0
1738179279,155.429,155.439,0.0,0,1738179279092,134,0.0
1738179279,155.428,155.438,0.0,0,1738179279132,134,0.0
1738179279,155.432,155.441,0.0,0,1738179279201,134,0.0
1738179279,155.429,155.439,0.0,0,1738179279945,134,0.0
1738179280,155.432,155.441,0.0,0,1738179280295,134,0.0
1738179280,155.434,155.444,0.0,0,1738179280441,134,0.0
1738179281,155.436,155.445,0.0,0,1738179281294,134,0.0
1738179281,155.438,155.448,0.0,0,1738179281314,134,0.0
1738179281,155.434,155.444,0.0,0,1738179281675,134,0.0
1738179282,155.437,155.447,0.0,0,1738179282121,134,0.0
1738179282,155.439,155.449,0.0,0,1738179282129,134,0.0
1738179282,155.441,155.451,0.0,0,1738179282133,134,0.0
1738179282,155.442,155.452,0.0,0,1738179282137,134,0.0
1738179282,155.439,155.448,0.0,0,1738179282832,134,0.0
1738179282,155.436,155.446,0.0,0,1738179282855,134,0.0
1738179282,155.434,155.444,0.0,0,1738179282957,134,0.0
1738179283,155.438,155.448,0.0,0,1738179283238,134,0.0
1738179283,155.44,155.45,0.0,0,1738179283248,134,0.0
1738179283,155.442,155.452,0.0,0,1738179283260,134,0.0
1738179283,155.444,155.453,0.0,0,1738179283920,134,0.0
1738179283,155.445,155.455,0.0,0,1738179283922,134,0.0
1738179283,155.447,155.456,0.0,0,1738179283931,134,0.0
1738179283,155.449,155.458,0.0,0,1738179283938,134,0.0
1738179283,155.45,155.46,0.0,0,1738179283943,134,0.0
1738179283,155.452,155.462,0.0,0,1738179283961,134,0.0
1738179283,155.454,155.464,0.0,0,1738179283981,134,0.0
1738179284,155.455,155.465,0.0,0,1738179284012,134,0.0
1738179284,155.451,155.461,0.0,0,1738179284142,134,0.0
1738179284,155.449,155.459,0.0,0,1738179284165,134,0.0
1738179285,155.447,155.457,0.0,0,1738179285072,134,0.0
1738179285,155.446,155.455,0.0,0,1738179285108,134,0.0
1738179285,155.444,155.454,0.0,0,1738179285136,134,0.0
1738179285,155.443,155.452,0.0,0,1738179285149,134,0.0
1738179285,155.441,155.451,0.0,0,1738179285187,134,0.0
1738179285,155.44,155.449,0.0,0,1738179285711,134,0.0
1738179286,155.443,155.453,0.0,0,1738179286173,134,0.0
1738179286,155.44,155.45,0.0,0,1738179286747,134,0.0
1738179286,155.438,155.448,0.0,0,1738179286753,134,0.0
1738179287,155.439,155.449,0.0,0,1738179287934,134,0.0
1738179287,155.442,155.452,0.0,0,1738179287956,134,0.0
1738179287,155.444,155.454,0.0,0,1738179287957,134,0.0
1738179287,155.446,155.456,0.0,0,1738179287963,134,0.0
1738179287,155.448,155.458,0.0,0,1738179287969,134,0.0
1738179287,155.45,155.46,0.0,0,1738179287988,134,0.0
1738179288,155.451,155.461,0.0,0,1738179288039,134,0.0
1738179288,155.448,155.458,0.0,0,1738179288715,134,0.0
1738179288,155.445,155.455,0.0,0,1738179288796,134,0.0
1738179289,155.443,155.453,0.0,0,1738179289059,134,0.0
1738179289,155.441,155.451,0.0,0,1738179289084,134,0.0
1738179289,155.445,155.455,0.0,0,1738179289208,134,0.0
1738179289,155.442,155.452,0.0,0,1738179289767,134,0.0
1738179289,155.44,155.45,0.0,0,1738179289813,134,0.0
1738179290,155.438,155.448,0.0,0,1738179290249,134,0.0
1738179290,155.436,155.446,0.0,0,1738179290307,134,0.0
1738179290,155.434,155.444,0.0,0,1738179290310,134,0.0
1738179290,155.433,155.443,0.0,0,1738179290343,134,0.0
1738179291,155.437,155.446,0.0,0,1738179291154,134,0.0
1738179291,155.439,155.449,0.0,0,1738179291189,134,0.0
1738179291,155.441,155.451,0.0,0,1738179291259,134,0.0
1738179291,155.443,155.452,0.0,0,1738179291426,134,0.0
1738179291,155.445,155.455,0.0,0,1738179291439,134,0.0
1738179291,155.446,155.456,0.0,0,1738179291462,134,0.0
1738179291,155.443,155.453,0.0,0,1738179291542,134,0.0
1738179291,155.441,155.45,0.0,0,1738179291546,134,0.0
1738179291,155.438,155.448,0.0,0,1738179291548,134,0.0
1738179291,155.436,155.446,0.0,0,1738179291553,134,0.0
1738179291,155.435,155.445,0.0,0,1738179291580,134,0.0
1738179291,155.431,155.441,0.0,0,1738179291618,134,0.0
1738179291,155.429,155.439,0.0,0,1738179291631,134,0.0
1738179291,155.428,155.438,0.0,0,1738179291653,134,0.0
1738179291,155.426,155.436,0.0,0,1738179291957,134,0.0
1738179291,155.425,155.435,0.0,0,1738179291968,134,0.0
1738179291,155.423,155.433,0.0,0,1738179291984,134,0.0
1738179292,155.421,155.431,0.0,0,1738179292015,134,0.0
1738179292,155.425,155.435,0.0,0,1738179292433,134,0.0
1738179292,155.427,155.437,0.0,0,1738179292447,134,0.0
1738179293,155.429,155.439,0.0,0,1738179293125,134,0.0
1738179293,155.426,155.436,0.0,0,1738179293418,134,0.0
1738179293,155.423,155.433,0.0,0,1738179293441,134,0.0
1738179293,155.421,155.431,0.0,0,1738179293610,134,0.0
1738179293,155.42,155.43,0.0,0,1738179293843,134,0.0
1738179294,155.418,155.428,0.0,0,1738179294034,134,0.0
1738179294,155.422,155.432,0.0,0,1738179294122,134,0.0
1738179294,155.419,155.429,0.0,0,1738179294790,134,0.0
1738179294,155.417,155.427,0.0,0,1738179294807,134,0.0
1738179294,155.421,155.431,0.0,0,1738179294928,134,0.0
1738179295,155.423,155.433,0.0,0,1738179295864,134,0.0
1738179295,155.426,155.436,0.0,0,1738179295887,134,0.0
1738179296,155.422,155.432,0.0,0,1738179296021,134,0.0
1738179296,155.42,155.43,0.0,0,1738179296571,134,0.0
1738179297,155.422,155.432,0.0,0,1738179297572,134,0.0
1738179298,155.424,155.434,0.0,0,1738179298966,134,0.0
1738179299,155.426,155.436,0.0,0,1738179299158,134,0.0
1738179299,155.428,155.438,0.0,0,1738179299161,134,0.0
1738179299,155.429,155.439,0.0,0,1738179299167,134,0.0
1738179300,155.431,155.441,0.0,0,1738179300066,134,0.0
1738179301,155.431,155.44,0.0,0,1738179301260,4,0.0
1738179301,155.433,155.443,0.0,0,1738179301512,134,0.0
1738179302,155.435,155.444,0.0,0,1738179302447,134,0.0
1738179302,155.436,155.446,0.0,0,1738179302457,134,0.0
1738179302,155.438,155.448,0.0,0,1738179302462,134,0.0
1738179302,155.44,155.45,0.0,0,1738179302477,134,0.0
1738179302,155.442,155.452,0.0,0,1738179302527,134,0.0
1738179302,155.443,155.453,0.0,0,1738179302643,134,0.0
1738179303,155.445,155.454,0.0,0,1738179303335,134,0.0
1738179304,155.442,155.452,0.0,0,1738179304581,134,0.0
1738179304,155.44,155.45,0.0,0,1738179304761,134,0.0
1738179304,155.438,155.447,0.0,0,1738179304815,134,0.0
1738179305,155.441,155.451,0.0,0,1738179305156,134,0.0
1738179306,155.442,155.452,0.0,0,1738179306175,134,0.0
1738179306,155.439,155.449,0.0,0,1738179306308,134,0.0
1738179307,155.44,155.45,0.0,0,1738179307511,134,0.0
1738179308,155.439,155.449,0.0,0,1738179308515,134,0.0
1738179309,155.439,155.448,0.0,0,1738179309694,4,0.0
1738179311,155.441,155.451,0.0,0,1738179311179,134,0.0
1738179311,155.443,155.453,0.0,0,1738179311220,134,0.0
1738179311,155.445,155.455,0.0,0,1738179311437,134,0.0
1738179311,155.447,155.457,0.0,0,1738179311444,134,0.0
1738179311,155.448,155.458,0.0,0,1738179311447,134,0.0
1738179311,155.45,155.46,0.0,0,1738179311469,134,0.0
1738179311,155.452,155.462,0.0,0,1738179311481,134,0.0
1738179311,155.454,155.463,0.0,0,1738179311506,134,0.0
1738179311,155.455,155.465,0.0,0,1738179311670,134,0.0
1738179312,155.455,155.464,0.0,0,1738179312770,4,0.0
1738179313,155.453,155.463,0.0,0,1738179313815,134,0.0
1738179314,155.454,155.464,0.0,0,1738179314815,134,0.0
1738179315,155.456,155.466,0.0,0,1738179315429,134,0.0
1738179315,155.458,155.468,0.0,0,1738179315440,134,0.0
1738179315,155.46,155.47,0.0,0,1738179315446,134,0.0
1738179315,155.463,155.472,0.0,0,1738179315454,134,0.0
1738179315,155.464,155.474,0.0,0,1738179315517,134,0.0
1738179315,155.46,155.47,0.0,0,1738179315529,134,0.0
1738179315,155.457,155.467,0.0,0,1738179315554,134,0.0
1738179315,155.455,155.465,0.0,0,1738179315579,134,0.0
1738179315,155.454,155.464,0.0,0,1738179315840,134,0.0
1738179316,155.452,155.462,0.0,0,1738179316978,134,0.0
1738179316,155.456,155.465,0.0,0,1738179316996,134,0.0
1738179317,155.459,155.468,0.0,0,1738179317005,134,0.0
1738179317,155.46,155.47,0.0,0,1738179317019,134,0.0
1738179317,155.462,155.472,0.0,0,1738179317042,134,0.0
1738179317,155.463,155.473,0.0,0,1738179317350,134,0.0
1738179317,155.465,155.475,0.0,0,1738179317944,134,0.0
1738179317,155.466,155.476,0.0,0,1738179317976,134,0.0
1738179318,155.468,155.478,0.0,0,1738179318019,134,0.0
1738179318,155.469,155.479,0.0,0,1738179318212,134,0.0
1738179319,155.471,155.481,0.0,0,1738179319146,134,0.0
1738179319,155.473,155.483,0.0,0,1738179319156,134,0.0
1738179319,155.475,155.484,0.0,0,1738179319159,134,0.0
1738179319,155.476,155.486,0.0,0,1738179319177,134,0.0
1738179319,155.477,155.487,0.0,0,1738179319215,134,0.0
1738179319,155.474,155.483,0.0,0,1738179319382,134,0.0
1738179319,155.471,155.481,0.0,0,1738179319416,134,0.0
1738179319,155.475,155.484,0.0,0,1738179319442,134,0.0
1738179319,155.477,155.486,0.0,0,1738179319798,134,0.0
1738179320,155.479,155.488,0.0,0,1738179320009,134,0.0
1738179320,155.475,155.485,0.0,0,1738179320393,134,0.0
1738179320,155.478,155.488,0.0,0,1738179320766,134,0.0
1738179320,155.48,155.49,0.0,0,1738179320980,134,0.0
1738179321,155.482,155.492,0.0,0,1738179321081,134,0.0
1738179321,155.484,155.494,0.0,0,1738179321114,134,0.0
1738179321,155.485,155.495,0.0,0,1738179321411,134,0.0
1738179321,155.487,155.497,0.0,0,1738179321440,134,0.0
1738179321,155.489,155.499,0.0,0,1738179321736,134,0.0
1738179322,155.49,155.5,0.0,0,1738179322755,134,0.0
1738179323,155.488,155.498,0.0,0,1738179323466,134,0.0
1738179324,155.491,155.5,0.0,0,1738179324075,134,0.0
1738179324,155.492,155.502,0.0,0,1738179324945,134,0.0
1738179325,155.494,155.504,0.0,0,1738179325006,134,0.0
1738179325,155.496,155.506,0.0,0,1738179325180,134,0.0
1738179325,155.498,155.507,0.0,0,1738179325210,134,0.0
1738179325,155.494,155.504,0.0,0,1738179325603,134,0.0
1738179326,155.496,155.506,0.0,0,1738179326167,134,0.0
1738179326,155.498,155.508,0.0,0,1738179326171,134,0.0
1738179326,155.5,155.51,0.0,0,1738179326190,134,0.0
1738179326,155.502,155.511,0.0,0,1738179326194,134,0.0
1738179326,155.499,155.509,0.0,0,1738179326274,134,0.0
1738179326,155.5,155.51,0.0,0,1738179326855,134,0.0
1738179327,155.502,155.512,0.0,0,1738179327121,134,0.0
1738179327,155.499,155.509,0.0,0,1738179327761,134,0.0
1738179327,155.496,155.506,0.0,0,1738179327821,134,0.0
1738179327,155.494,155.504,0.0,0,1738179327858,134,0.0
1738179328,155.493,155.503,0.0,0,1738179328151,134,0.0
1738179328,155.496,155.506,0.0,0,1738179328729,134,0.0
1738179328,155.499,155.508,0.0,0,1738179328872,134,0.0
1738179329,155.5,155.51,0.0,0,1738179329148,134,0.0
1738179330,155.497,155.507,0.0,0,1738179330463,134,0.0
1738179331,155.495,155.505,0.0,0,1738179331298,134,0.0
1738179331,155.493,155.503,0.0,0,1738179331596,134,0.0
1738179331,155.492,155.501,0.0,0,1738179331756,134,0.0
1738179332,155.495,155.505,0.0,0,1738179332039,134,0.0
1738179332,155.497,155.507,0.0,0,1738179332297,134,0.0
1738179333,155.499,155.509,0.0,0,1738179333130,134,0.0
1738179333,155.501,155.511,0.0,0,1738179333491,134,0.0
1738179333,155.497,155.507,0.0,0,1738179333629,134,0.0
1738179334,155.495,155.505,0.0,0,1738179334518,134,0.0
1738179335,155.493,155.502,0.0,0,1738179335886,134,0.0
1738179335,155.491,155.501,0.0,0,1738179335911,134,0.0
1738179336,155.494,155.504,0.0,0,1738179336004,134,0.0
1738179336,155.498,155.507,0.0,0,1738179336012,134,0.0
1738179336,155.499,155.509,0.0,0,1738179336019,134,0.0
1738179336,155.501,155.511,0.0,0,1738179336041,134,0.0
1738179337,155.502,155.511,0.0,0,1738179337042,130,0.0
1738179337,155.503,155.513,0.0,0,1738179337480,134,0.0
1738179338,155.502,155.511,0.0,0,1738179338498,134,0.0
1738179339,155.5,155.51,0.0,0,1738179339724,134,0.0
1738179339,155.497,155.507,0.0,0,1738179339825,134,0.0
1738179339,155.5,155.51,0.0,0,1738179339868,134,0.0
1738179339,155.502,155.512,0.0,0,1738179339873,134,0.0
1738179339,155.505,155.515,0.0,0,1738179339880,134,0.0
1738179339,155.507,155.516,0.0,0,1738179339884,134,0.0
1738179339,155.509,155.519,0.0,0,1738179339906,134,0.0
1738179339,155.511,155.521,0.0,0,1738179339914,134,0.0
1738179340,155.514,155.524,0.0,0,1738179340063,134,0.0
1738179340,155.516,155.526,0.0,0,1738179340094,134,0.0
1738179340,155.518,155.527,0.0,0,1738179340154,134,0.0
1738179340,155.514,155.524,0.0,0,1738179340857,134,0.0
1738179342,155.513,155.522,0.0,0,1738179342043,134,0.0
1738179342,155.516,155.525,0.0,0,1738179342110,134,0.0
1738179342,155.518,155.527,0.0,0,1738179342420,134,0.0
1738179342,155.519,155.529,0.0,0,1738179342425,134,0.0
1738179342,155.521,155.531,0.0,0,1738179342431,134,0.0
1738179342,155.523,155.533,0.0,0,1738179342436,134,0.0
1738179342,155.526,155.536,0.0,0,1738179342437,134,0.0
1738179342,155.528,155.538,0.0,0,1738179342437,134,0.0
1738179342,155.53,155.54,0.0,0,1738179342439,134,0.0
1738179342,155.532,155.541,0.0,0,1738179342449,134,0.0
1738179342,155.533,155.543,0.0,0,1738179342499,134,0.0
1738179342,155.535,155.545,0.0,0,1738179342582,134,0.0
1738179342,155.536,155.546,0.0,0,1738179342594,134,0.0
1738179342,155.538,155.548,0.0,0,1738179342727,134,0.0
1738179342,155.539,155.549,0.0,0,1738179342886,134,0.0
1738179343,155.541,155.551,0.0,0,1738179343354,134,0.0
1738179343,155.542,155.552,0.0,0,1738179343356,134,0.0
1738179343,155.544,155.554,0.0,0,1738179343366,134,0.0
1738179343,155.546,155.556,0.0,0,1738179343372,134,0.0
1738179343,155.548,155.558,0.0,0,1738179343383,134,0.0
1738179343,155.549,155.559,0.0,0,1738179343409,134,0.0
1738179343,155.551,155.561,0.0,0,1738179343562,134,0.0
1738179343,155.553,155.563,0.0,0,1738179343578,134,0.0
1738179343,155.554,155.564,0.0,0,1738179343579,134,0.0
1738179343,155.556,155.566,0.0,0,1738179343588,134,0.0
1738179343,155.558,155.568,0.0,0,1738179343607,134,0.0
1738179343,155.56,155.57,0.0,0,1738179343615,134,0.0
1738179343,155.562,155.572,0.0,0,1738179343622,134,0.0
1738179343,155.563,155.573,0.0,0,1738179343676,134,0.0
1738179344,155.56,155.57,0.0,0,1738179344301,134,0.0
1738179344,155.563,155.573,0.0,0,1738179344529,134,0.0
1738179344,155.56,155.57,0.0,0,1738179344636,134,0.0
1738179344,155.557,155.567,0.0,0,1738179344668,134,0.0
1738179344,155.556,155.566,0.0,0,1738179344687,134,0.0
1738179344,155.554,155.564,0.0,0,1738179344723,134,0.0
1738179344,155.553,155.562,0.0,0,1738179344756,134,0.0
1738179345,155.551,155.561,0.0,0,1738179345025,134,0.0
1738179345,155.55,155.559,0.0,0,1738179345041,134,0.0
1738179345,155.553,155.563,0.0,0,1738179345570,134,0.0
1738179346,155.55,155.56,0.0,0,1738179346190,134,0.0
1738179346,155.548,155.558,0.0,0,1738179346194,134,0.0
1738179347,155.55,155.56,0.0,0,1738179347264,134,0.0
1738179347,155.547,155.557,0.0,0,1738179347847,134,0.0
1738179349,155.549,155.559,0.0,0,1738179349624,134,0.0
1738179350,155.548,155.558,0.0,0,1738179350641,134,0.0
1738179350,155.551,155.561,0.0,0,1738179350703,134,0.0
1738179351,155.553,155.563,0.0,0,1738179351294,134,0.0
1738179351,155.555,155.565,0.0,0,1738179351317,134,0.0
1738179352,155.554,155.564,0.0,0,1738179352318,134,0.0
1738179352,155.551,155.561,0.0,0,1738179352452,134,0.0
1738179352,155.549,155.559,0.0,0,1738179352879,134,0.0
1738179353,155.547,155.557,0.0,0,1738179353280,134,0.0
1738179353,155.545,155.555,0.0,0,1738179353290,134,0.0
1738179353,155.543,155.553,0.0,0,1738179353294,134,0.0
1738179353,155.542,155.552,0.0,0,1738179353300,134,0.0
1738179353,155.54,155.55,0.0,0,1738179353426,134,0.0
1738179353,155.545,155.555,0.0,0,1738179353831,134,0.0
1738179353,155.547,155.557,0.0,0,1738179353831,134,0.0
1738179354,155.548,155.558,0.0,0,1738179354768,134,0.0
1738179354,155.55,155.56,0.0,0,1738179354779,134,0.0
1738179354,155.552,155.561,0.0,0,1738179354785,134,0.0
1738179354,155.554,155.564,0.0,0,1738179354851,134,0.0
1738179354,155.555,155.565,0.0,0,1738179354856,134,0.0
1738179354,155.557,155.567,0.0,0,1738179354867,134,0.0
1738179354,155.558,155.568,0.0,0,1738179354891,134,0.0
1738179354,155.554,155.564,0.0,0,1738179354938,134,0.0
1738179355,155.552,155.562,0.0,0,1738179355040,134,0.0
1738179355,155.55,155.56,0.0,0,1738179355116,134,0.0
1738179355,155.549,155.559,0.0,0,1738179355857,134,0.0
1738179356,155.547,155.557,0.0,0,1738179356069,134,0.0
1738179356,155.545,155.555,0.0,0,1738179356085,134,0.0
1738179356,155.543,155.553,0.0,0,1738179356101,134,0.0
1738179356,155.541,155.551,0.0,0,1738179356130,134,0.0
1738179356,155.54,155.55,0.0,0,1738179356738,134,0.0
1738179356,155.538,155.548,0.0,0,1738179356838,134,0.0
1738179357,155.542,155.552,0.0,0,1738179357015,134,0.0
1738179357,155.54,155.549,0.0,0,1738179357139,134,0.0
1738179357,155.538,155.547,0.0,0,1738179357203,134,0.0
1738179357,155.535,155.545,0.0,0,1738179357814,134,0.0
1738179357,155.533,155.543,0.0,0,1738179357845,134,0.0
1738179357,155.531,155.541,0.0,0,1738179357872,134,0.0
1738179357,155.529,155.539,0.0,0,1738179357889,134,0.0
1738179357,155.528,155.537,0.0,0,1738179357922,134,0.0
1738179357,155.531,155.541,0.0,0,1738179357948,134,0.0
1738179357,155.534,155.543,0.0,0,1738179357955,134,0.0
1738179358,155.535,155.545,0.0,0,1738179358269,134,0.0
1738179358,155.532,155.541,0.0,0,1738179358380,134,0.0
1738179358,155.53,155.539,0.0,0,1738179358401,134,0.0
1738179358,155.528,155.538,0.0,0,1738179358420,134,0.0
1738179358,155.526,155.536,0.0,0,1738179358455,134,0.0
1738179358,155.524,155.534,0.0,0,1738179358513,134,0.0
1738179359,155.527,155.537,0.0,0,1738179359155,134,0.0
1738179359,155.53,155.54,0.0,0,1738179359176,134,0.0
1738179359,155.531,155.541,0.0,0,1738179359187,134,0.0
1738179359,155.534,155.544,0.0,0,1738179359214,134,0.0
1738179359,155.53,155.54,0.0,0,1738179359886,134,0.0
1738179359,155.528,155.537,0.0,0,1738179359915,134,0.0
1738179359,155.526,155.535,0.0,0,1738179359935,134,0.0
1738179360,155.524,155.534,0.0,0,1738179360106,134,0.0
1738179360,155.523,155.532,0.0,0,1738179360313,134,0.0
1738179360,155.521,155.531,0.0,0,1738179360780,134,0.0
1738179361,155.52,155.529,0.0,0,1738179361091,134,0.0
1738179361,155.518,155.528,0.0,0,1738179361130,134,0.0
1738179361,155.516,155.526,0.0,0,1738179361171,134,0.0
1738179361,155.52,155.529,0.0,0,1738179361218,134,0.0
1738179361,155.522,155.532,0.0,0,1738179361221,134,0.0
1738179361,155.525,155.535,0.0,0,1738179361242,134,0.0
1738179361,155.526,155.536,0.0,0,1738179361290,134,0.0
1738179361,155.528,155.538,0.0,0,1738179361434,134,0.0
1738179361,155.53,155.539,0.0,0,1738179361631,134,0.0
1738179361,155.531,155.541,0.0,0,1738179361639,134,0.0
1738179361,155.533,155.542,0.0,0,1738179361911,134,0.0
1738179362,155.53,155.539,0.0,0,1738179362861,134,0.0
1738179363,155.527,155.537,0.0,0,1738179363049,134,0.0
1738179363,155.53,155.54,0.0,0,1738179363284,134,0.0
1738179363,155.527,155.537,0.0,0,1738179363900,134,0.0
1738179363,155.526,155.535,0.0,0,1738179363925,134,0.0
1738179364,155.524,155.533,0.0,0,1738179364545,134,0.0
1738179364,155.521,155.531,0.0,0,1738179364564,134,0.0
1738179365,155.523,155.533,0.0,0,1738179365638,134,0.0
1738179366,155.521,155.53,0.0,0,1738179366154,134,0.0
1738179367,155.521,155.531,0.0,0,1738179367164,4,0.0
1738179367,155.524,155.534,0.0,0,1738179367422,134,0.0
1738179368,155.526,155.536,0.0,0,1738179368427,134,0.0
1738179368,155.528,155.538,0.0,0,1738179368678,134,0.0
1738179368,155.529,155.539,0.0,0,1738179368685,134,0.0
1738179368,155.531,155.541,0.0,0,1738179368701,134,0.0
1738179368,155.533,155.543,0.0,0,1738179368705,134,0.0
1738179368,155.534,155.544,0.0,0,1738179368717,134,0.0
1738179368,155.536,155.546,0.0,0,1738179368730,134,0.0
1738179368,155.538,155.547,0.0,0,1738179368746,134,0.0
1738179368,155.539,155.549,0.0,0,1738179368777,134,0.0
1738179369,155.541,155.551,0.0,0,1738179369545,134,0.0
1738179369,155.542,155.552,0.0,0,1738179369689,134,0.0
1738179369,155.544,155.554,0.0,0,1738179369930,134,0.0
1738179370,155.545,155.555,0.0,0,1738179370961,134,0.0
1738179371,155.542,155.552,0.0,0,1738179371250,134,0.0
1738179371,155.54,155.55,0.0,0,1738179371350,134,0.0
1738179371,155.543,155.553,0.0,0,1738179371577,134,0.0
1738179371,155.545,155.555,0.0,0,1738179371596,134,0.0
1738179371,155.542,155.552,0.0,0,1738179371690,134,0.0
1738179371,155.54,155.55,0.0,0,1738179371707,134,0.0
1738179372,155.538,155.548,0.0,0,1738179372001,134,0.0
1738179372,155.535,155.545,0.0,0,1738179372023,134,0.0
1738179372,155.534,155.543,0.0,0,1738179372037,134,0.0
1738179372,155.537,155.547,0.0,0,1738179372458,134,0.0
1738179372,155.541,155.551,0.0,0,1738179372463,134,0.0
1738179372,155.542,155.552,0.0,0,1738179372466,134,0.0
1738179372,155.544,155.554,0.0,0,1738179372503,134,0.0
1738179372,155.545,155.555,0.0,0,1738179372550,134,0.0
1738179372,155.547,155.556,0.0,0,1738179372760,134,0.0
1738179372,155.548,155.558,0.0,0,1738179372805,134,0.0
1738179372,155.55,155.56,0.0,0,1738179372806,134,0.0
1738179372,155.552,155.561,0.0,0,1738179372816,134,0.0
1738179372,155.553,155.563,0.0,0,1738179372869,134,0.0
1738179372,155.557,155.567,0.0,0,1738179372882,134,0.0
1738179372,155.559,155.569,0.0,0,1738179372882,134,0.0
1738179373,155.56,155.57,0.0,0,1738179373081,134,0.0
1738179373,155.557,155.567,0.0,0,1738179373722,134,0.0
1738179373,155.555,155.564,0.0,0,1738179373734,134,0.0
1738179373,155.552,155.562,0.0,0,1738179373737,134,0.0
1738179373,155.551,155.56,0.0,0,1738179373824,134,0.0
1738179373,155.549,155.559,0.0,0,1738179373832,134,0.0
1738179373,155.548,155.557,0.0,0,1738179373909,134,0.0
1738179374,155.551,155.561,0.0,0,1738179374181,134,0.0
1738179374,155.554,155.564,0.0,0,1738179374186,134,0.0
1738179374,155.557,155.567,0.0,0,1738179374186,134,0.0
1738179374,155.559,155.568,0.0,0,1738179374206,134,0.0
1738179374,155.56,155.57,0.0,0,1738179374226,134,0.0
1738179374,155.561,155.571,0.0,0,1738179374549,134,0.0
1738179374,155.563,155.573,0.0,0,1738179374555,134,0.0
1738179374,155.565,155.575,0.0,0,1738179374573,134,0.0
1738179374,155.566,155.576,0.0,0,1738179374593,134,0.0
1738179375,155.563,155.573,0.0,0,1738179375063,134,0.0
1738179375,155.561,155.571,0.0,0,1738179375246,134,0.0
1738179375,155.564,155.574,0.0,0,1738179375431,134,0.0
1738179375,155.566,155.576,0.0,0,1738179375493,134,0.0
1738179375,155.568,155.578,0.0,0,1738179375554,134,0.0
1738179375,155.57,155.58,0.0,0,1738179375594,134,0.0
1738179375,155.573,155.583,0.0,0,1738179375739,134,0.0
1738179376,155.574,155.584,0.0,0,1738179376756,134,0.0
1738179378,155.576,155.586,0.0,0,1738179378779,134,0.0
1738179379,155.577,155.587,0.0,0,1738179379539,134,0.0
1738179379,155.579,155.589,0.0,0,1738179379544,134,0.0
1738179379,155.581,155.59,0.0,0,1738179379548,134,0.0
1738179379,155.582,155.592,0.0,0,1738179379559,134,0.0
1738179379,155.584,155.594,0.0,0,1738179379583,134,0.0
1738179379,155.581,155.591,0.0,0,1738179379842,134,0.0
1738179380,155.579,155.589,0.0,0,1738179380114,134,0.0
1738179380,155.576,155.586,0.0,0,1738179380136,134,0.0
1738179380,155.575,155.585,0.0,0,1738179380177,134,0.0
1738179380,155.574,155.584,0.0,0,1738179380242,134,0.0
1738179380,155.572,155.582,0.0,0,1738179380255,134,0.0
1738179380,155.571,155.581,0.0,0,1738179380620,134,0.0
1738179381,155.572,155.582,0.0,0,1738179381629,134,0.0
1738179381,155.575,155.585,0.0,0,1738179381920,134,0.0
1738179381,155.577,155.587,0.0,0,1738179381927,134,0.0
1738179381,155.579,155.589,0.0,0,1738179381930,134,0.0
1738179381,155.582,155.592,0.0,0,1738179381950,134,0.0
1738179381,155.584,155.594,0.0,0,1738179381959,134,0.0
1738179382,155.585,155.595,0.0,0,1738179382131,134,0.0
1738179382,155.587,155.597,0.0,0,1738179382149,134,0.0
1738179382,155.583,155.593,0.0,0,1738179382806,134,0.0
1738179383,155.581,155.591,0.0,0,1738179383256,134,0.0
1738179383,155.579,155.589,0.0,0,1738179383272,134,0.0
1738179383,155.577,155.587,0.0,0,1738179383280,134,0.0
1738179383,155.58,155.59,0.0,0,1738179383488,134,0.0
1738179384,155.582,155.592,0.0,0,1738179384405,134,0.0
1738179385,155.584,155.594,0.0,0,1738179385075,134,0.0
1738179385,155.586,155.596,0.0,0,1738179385249,134,0.0
1738179385,155.587,155.597,0.0,0,1738179385252,134,0.0
1738179385,155.59,155.6,0.0,0,1738179385270,134,0.0
1738179385,155.593,155.602,0.0,0,1738179385283,134,0.0
1738179385,155.595,155.605,0.0,0,1738179385448,134,0.0
1738179385,155.597,155.607,0.0,0,1738179385770,134,0.0
1738179385,155.598,155.608,0.0,0,1738179385779,134,0.0
1738179386,155.595,155.605,0.0,0,1738179386664,134,0.0
1738179387,155.593,155.602,0.0,0,1738179387074,134,0.0
1738179387,155.59,155.6,0.0,0,1738179387093,134,0.0
1738179387,155.594,155.604,0.0,0,1738179387135,134,0.0
1738179387,155.597,155.607,0.0,0,1738179387145,134,0.0
1738179387,155.599,155.608,0.0,0,1738179387156,134,0.0
1738179387,155.6,155.61,0.0,0,1738179387256,134,0.0
1738179387,155.602,155.612,0.0,0,1738179387377,134,0.0
1738179387,155.603,155.613,0.0,0,1738179387377,134,0.0
1738179387,155.601,155.611,0.0,0,1738179387485,134,0.0
1738179387,155.599,155.609,0.0,0,1738179387505,134,0.0
1738179387,155.602,155.612,0.0,0,1738179387890,134,0.0
1738179387,155.604,155.614,0.0,0,1738179387899,134,0.0
1738179387,155.606,155.616,0.0,0,1738179387922,134,0.0
1738179388,155.604,155.614,0.0,0,1738179388554,134,0.0
1738179388,155.602,155.612,0.0,0,1738179388716,134,0.0
1738179388,155.6,155.61,0.0,0,1738179388768,134,0.0
1738179389,155.598,155.608,0.0,0,1738179389126,134,0.0
1738179389,155.596,155.606,0.0,0,1738179389172,134,0.0
1738179389,155.595,155.605,0.0,0,1738179389289,134,0.0
1738179389,155.593,155.603,0.0,0,1738179389315,134,0.0
1738179390,155.597,155.607,0.0,0,1738179390058,134,0.0
1738179390,155.601,155.61,0.0,0,1738179390077,134,0.0
1738179390,155.602,155.612,0.0,0,1738179390085,134,0.0
1738179390,155.599,155.609,0.0,0,1738179390120,134,0.0
1738179390,155.596,155.606,0.0,0,1738179390138,134,0.0
1738179390,155.594,155.604,0.0,0,1738179390364,134,0.0
1738179390,155.592,155.602,0.0,0,1738179390441,134,0.0
1738179390,155.595,155.605,0.0,0,1738179390755,134,0.0
1738179391,155.593,155.603,0.0,0,1738179391974,134,0.0
1738179392,155.591,155.601,0.0,0,1738179392287,134,0.0
1738179392,155.589,155.599,0.0,0,1738179392307,134,0.0
1738179392,155.587,155.597,0.0,0,1738179392352,134,0.0
1738179392,155.586,155.595,0.0,0,1738179392396,134,0.0
1738179392,155.584,155.594,0.0,0,1738179392796,134,0.0
1738179392,155.582,155.592,0.0,0,1738179392811,134,0.0
1738179392,155.58,155.59,0.0,0,1738179392817,134,0.0
1738179392,155.584,155.594,0.0,0,1738179392842,134,0.0
1738179392,155.587,155.596,0.0,0,1738179392865,134,0.0
1738179393,155.589,155.599,0.0,0,1738179393786,134,0.0
1738179394,155.587,155.597,0.0,0,1738179394324,134,0.0
1738179394,155.585,155.594,0.0,0,1738179394494,134,0.0
1738179394,155.588,155.598,0.0,0,1738179394966,134,0.0
1738179395,155.585,155.595,0.0,0,1738179395698,134,0.0
1738179395,155.583,155.593,0.0,0,1738179395702,134,0.0
1738179395,155.58,155.59,0.0,0,1738179395780,134,0.0
1738179396,155.579,155.589,0.0,0,1738179396788,134,0.0
1738179396,155.582,155.592,0.0,0,1738179396839,134,0.0
1738179396,155.585,155.595,0.0,0,1738179396846,134,0.0
1738179397,155.582,155.592,0.0,0,1738179397313,134,0.0
1738179397,155.584,155.594,0.0,0,1738179397368,134,0.0
1738179397,155.582,155.591,0.0,0,1738179397592,134,0.0
1738179398,155.579,155.589,0.0,0,1738179398089,134,0.0
1738179398,155.577,155.587,0.0,0,1738179398397,134,0.0
1738179399,155.576,155.586,0.0,0,1738179399226,134,0.0
1738179400,155.58,155.59,0.0,0,1738179400191,134,0.0
1738179400,155.582,155.592,0.0,0,1738179400203,134,0.0
1738179400,155.578,155.588,0.0,0,1738179400501,134,0.0
1738179400,155.581,155.591,0.0,0,1738179400740,134,0.0
1738179400,155.583,155.593,0.0,0,1738179400837,134,0.0
1738179400,155.585,155.595,0.0,0,1738179400843,134,0.0
1738179400,155.586,155.596,0.0,0,1738179400850,134,0.0
1738179400,155.588,155.598,0.0,0,1738179400862,134,0.0
1738179400,155.59,155.6,0.0,0,1738179400874,134,0.0
1738179400,155.592,155.601,0.0,0,1738179400895,134,0.0
1738179401,155.588,155.598,0.0,0,1738179401481,134,0.0
1738179401,155.586,155.596,0.0,0,1738179401792,134,0.0
1738179402,155.588,155.598,0.0,0,1738179402796,134,0.0
1738179403,155.59,155.6,0.0,0,1738179403644,134,0.0
1738179403,155.592,155.602,0.0,0,1738179403650,134,0.0
1738179403,155.594,155.604,0.0,0,1738179403728,134,0.0
1738179403,155.591,155.601,0.0,0,1738179403769,134,0.0
1738179404,155.589,155.598,0.0,0,1738179404115,134,0.0
1738179404,155.587,155.597,0.0,0,1738179404761,134,0.0
1738179405,155.59,155.6,0.0,0,1738179405087,134,0.0
1738179405,155.593,155.602,0.0,0,1738179405107,134,0.0
1738179405,155.594,155.604,0.0,0,1738179405329,134,0.0
1738179405,155.591,155.601,0.0,0,1738179405503,134,0.0
1738179405,155.589,155.598,0.0,0,1738179405893,134,0.0
1738179405,155.587,155.597,0.0,0,1738179405941,134,0.0
1738179406,155.585,155.595,0.0,0,1738179406503,134,0.0
1738179406,155.583,155.593,0.0,0,1738179406651,134,0.0
1738179407,155.582,155.592,0.0,0,1738179407681,134,0.0
1738179408,155.58,155.59,0.0,0,1738179408258,134,0.0
1738179408,155.579,155.589,0.0,0,1738179408272,134,0.0
1738179408,155.577,155.587,0.0,0,1738179408308,134,0.0
1738179408,155.575,155.585,0.0,0,1738179408354,134,0.0
1738179408,155.574,155.584,0.0,0,1738179408896,134,0.0
1738179409,155.575,155.585,0.0,0,1738179409977,134,0.0
1738179410,155.573,155.583,0.0,0,1738179410208,134,0.0
1738179410,155.572,155.581,0.0,0,1738179410338,134,0.0
1738179410,155.57,155.58,0.0,0,1738179410445,134,0.0
1738179411,155.572,155.581,0.0,0,1738179411468,134,0.0
1738179413,155.569,155.579,0.0,0,1738179413150,134,0.0
1738179413,155.572,155.582,0.0,0,1738179413253,134,0.0
1738179413,155.569,155.579,0.0,0,1738179413922,134,0.0
1738179413,155.567,155.577,0.0,0,1738179413947,134,0.0
1738179414,155.565,155.575,0.0,0,1738179414011,134,0.0
1738179414,155.563,155.573,0.0,0,1738179414052,134,0.0
1738179414,155.562,155.571,0.0,0,1738179414104,134,0.0
1738179414,155.56,155.57,0.0,0,1738179414165,134,0.0
1738179414,155.557,155.567,0.0,0,1738179414291,134,0.0
1738179414,155.555,155.565,0.0,0,1738179414826,134,0.0
1738179414,155.554,155.564,0.0,0,1738179414830,134,0.0
1738179414,155.559,155.568,0.0,0,1738179414867,134,0.0
1738179415,155.56,155.57,0.0,0,1738179415159,134,0.0
1738179415,155.562,155.572,0.0,0,1738179415349,134,0.0
1738179415,155.559,155.569,0.0,0,1738179415747,134,0.0
1738179416,155.556,155.566,0.0,0,1738179416108,134,0.0
1738179417,155.555,155.564,0.0,0,1738179417131,134,0.0
1738179417,155.553,155.563,0.0,0,1738179417342,134,0.0
1738179417,155.557,155.566,0.0,0,1738179417687,134,0.0
1738179417,155.559,155.569,0.0,0,1738179417729,134,0.0
1738179418,155.561,155.571,0.0,0,1738179418061,134,0.0
1738179418,155.557,155.567,0.0,0,1738179418827,134,0.0
1738179420,155.558,155.568,0.0,0,1738179420204,134,0.0
1738179421,155.559,155.568,0.0,0,1738179421229,130,0.0
1738179421,155.561,155.571,0.0,0,1738179421477,134,0.0
1738179421,155.563,155.573,0.0,0,1738179421663,134,0.0
1738179421,155.565,155.575,0.0,0,1738179421736,134,0.0
1738179422,155.562,155.571,0.0,0,1738179422551,134,0.0
1738179423,155.559,155.569,0.0,0,1738179423308,134,0.0
1738179423,155.557,155.567,0.0,0,1738179423542,134,0.0
1738179423,155.555,155.565,0.0,0,1738179423545,134,0.0
1738179424,155.554,155.564,0.0,0,1738179424256,134,0.0
1738179425,155.555,155.565,0.0,0,1738179425260,134,0.0
1738179425,155.552,155.562,0.0,0,1738179425499,134,0.0
1738179425,155.55,155.56,0.0,0,1738179425743,134,0.0
1738179426,155.553,155.563,0.0,0,1738179426029,134,0.0
1738179426,155.556,155.566,0.0,0,1738179426048,134,0.0
1738179426,155.552,155.561,0.0,0,1738179426989,134,0.0
1738179427,155.549,155.559,0.0,0,1738179427123,134,0.0
1738179427,155.547,155.557,0.0,0,1738179427223,134,0.0
1738179427,155.545,155.555,0.0,0,1738179427870,134,0.0
1738179428,155.543,155.553,0.0,0,1738179428187,134,0.0
1738179428,155.542,155.552,0.0,0,1738179428645,134,0.0
1738179428,155.54,155.55,0.0,0,1738179428656,134,0.0
1738179428,155.539,155.548,0.0,0,1738179428745,134,0.0
1738179429,155.537,155.547,0.0,0,1738179429351,134,0.0
1738179429,155.535,155.545,0.0,0,1738179429373,134,0.0
1738179429,155.534,155.543,0.0,0,1738179429560,134,0.0
1738179429,155.531,155.541,0.0,0,1738179429870,134,0.0
1738179429,155.53,155.54,0.0,0,1738179429889,134,0.0
1738179430,155.534,155.543,0.0,0,1738179430255,134,0.0
1738179430,155.536,155.546,0.0,0,1738179430277,134,0.0
1738179430,155.538,155.548,0.0,0,1738179430430,134,0.0
1738179432,155.535,155.545,0.0,0,1738179432225,134,0.0
1738179432,155.533,155.543,0.0,0,1738179432534,134,0.0
1738179432,155.53,155.54,0.0,0,1738179432546,134,0.0
1738179432,155.529,155.539,0.0,0,1738179432555,134,0.0
1738179432,155.526,155.536,0.0,0,1738179432576,134,0.0
1738179432,155.525,155.534,0.0,0,1738179432779,134,0.0
1738179432,155.523,155.533,0.0,0,1738179432843,134,0.0
1738179432,155.522,155.531,0.0,0,1738179432891,134,0.0
1738179433,155.52,155.53,0.0,0,1738179433006,134,0.0
1738179433,155.519,155.528,0.0,0,1738179433156,134,0.0
1738179433,155.517,155.527,0.0,0,1738179433160,134,0.0
1738179433,155.515,155.525,0.0,0,1738179433169,134,0.0
1738179433,155.513,155.523,0.0,0,1738179433186,134,0.0
1738179433,155.517,155.527,0.0,0,1738179433211,134,0.0
1738179433,155.519,155.529,0.0,0,1738179433266,134,0.0
1738179433,155.516,155.526,0.0,0,1738179433454,134,0.0
1738179434,155.52,155.53,0.0,0,1738179434390,134,0.0
1738179434,155.522,155.532,0.0,0,1738179434605,134,0.0
1738179434,155.519,155.529,0.0,0,1738179434954,134,0.0
1738179435,155.522,155.531,0.0,0,1738179435169,134,0.0
1738179436,155.522,155.532,0.0,0,1738179436236,4,0.0
1738179436,155.524,155.534,0.0,0,1738179436257,134,0.0
1738179436,155.526,155.536,0.0,0,1738179436271,134,0.0
1738179436,155.528,155.538,0.0,0,1738179436844,134,0.0
1738179436,155.53,155.54,0.0,0,1738179436851,134,0.0
1738179436,155.532,155.542,0.0,0,1738179436856,134,0.0
1738179436,155.533,155.543,0.0,0,1738179436876,134,0.0
1738179436,155.535,155.545,0.0,0,1738179436944,134,0.0
1738179437,155.536,155.546,0.0,0,1738179437304,134,0.0
1738179437,155.533,155.542,0.0,0,1738179437983,134,0.0
1738179437,155.529,155.539,0.0,0,1738179437992,134,0.0
1738179438,155.533,155.542,0.0,0,1738179438351,134,0.0
1738179438,155.535,155.545,0.0,0,1738179438477,134,0.0
1738179438,155.536,155.546,0.0,0,1738179438679,134,0.0
1738179438,155.538,155.548,0.0,0,1738179438744,134,0.0
1738179438,155.54,155.55,0.0,0,1738179438754,134,0.0
1738179438,155.541,155.551,0.0,0,1738179438761,134,0.0
1738179438,155.543,155.553,0.0,0,1738179438792,134,0.0
1738179438,155.544,155.554,0.0,0,1738179438819,134,0.0
1738179439,155.546,155.556,0.0,0,1738179439044,134,0.0
1738179439,155.548,155.558,0.0,0,1738179439661,134,0.0
1738179440,155.544,155.554,0.0,0,1738179440512,134,0.0
1738179440,155.542,155.552,0.0,0,1738179440612,134,0.0
1738179441,155.54,155.55,0.0,0,1738179441079,134,0.0
1738179441,155.538,155.548,0.0,0,1738179441385,134,0.0
1738179441,155.537,155.546,0.0,0,1738179441425,134,0.0
1738179441,155.535,155.545,0.0,0,1738179441614,134,0.0
1738179441,155.538,155.548,0.0,0,1738179441953,134,0.0
1738179441,155.541,155.551,0.0,0,1738179441974,134,0.0
1738179442,155.543,155.552,0.0,0,1738179442084,134,0.0
1738179442,155.544,155.554,0.0,0,1738179442419,134,0.0
1738179442,155.547,155.557,0.0,0,1738179442422,134,0.0
1738179442,155.548,155.558,0.0,0,1738179442425,134,0.0
1738179442,155.55,155.56,0.0,0,1738179442457,134,0.0
1738179443,155.552,155.562,0.0,0,1738179443272,134,0.0
1738179443,155.553,155.563,0.0,0,1738179443286,134,0.0
1738179443,155.555,155.565,0.0,0,1738179443316,134,0.0
1738179443,155.556,155.566,0.0,0,1738179443408,134,0.0
1738179443,155.558,155.568,0.0,0,1738179443447,134,0.0
1738179443,155.555,155.565,0.0,0,1738179443924,134,0.0
1738179444,155.552,155.562,0.0,0,1738179444786,134,0.0
1738179444,155.55,155.56,0.0,0,1738179444794,134,0.0
1738179444,155.549,155.559,0.0,0,1738179444799,134,0.0
1738179444,155.547,155.557,0.0,0,1738179444804,134,0.0
1738179444,155.546,155.556,0.0,0,1738179444837,134,0.0
1738179444,155.543,155.553,0.0,0,1738179444920,134,0.0
1738179445,155.548,155.558,0.0,0,1738179445290,134,0.0
1738179445,155.544,155.554,0.0,0,1738179445713,134,0.0
1738179446,155.542,155.552,0.0,0,1738179446615,134,0.0
1738179446,155.541,155.55,0.0,0,1738179446675,134,0.0
1738179446,155.538,155.548,0.0,0,1738179446716,134,0.0
1738179446,155.542,155.552,0.0,0,1738179446962,134,0.0
1738179446,155.544,155.554,0.0,0,1738179446967,134,0.0
1738179446,155.546,155.556,0.0,0,1738179446972,134,0.0
1738179447,155.548,155.558,0.0,0,1738179447023,134,0.0
1738179447,155.549,155.559,0.0,0,1738179447127,134,0.0
1738179447,155.551,155.561,0.0,0,1738179447530,134,0.0
1738179447,155.548,155.557,0.0,0,1738179447674,134,0.0
1738179448,155.544,155.553,0.0,0,1738179448384,134,0.0
1738179448,155.542,155.552,0.0,0,1738179448412,134,0.0
1738179448,155.546,155.556,0.0,0,1738179448575,134,0.0
1738179449,155.548,155.558,0.0,0,1738179449090,134,0.0
1738179449,155.545,155.555,0.0,0,1738179449978,134,0.0
1738179450,155.543,155.553,0.0,0,1738179450074,134,0.0
1738179450,155.541,155.551,0.0,0,1738179450154,134,0.0
1738179450,155.538,155.548,0.0,0,1738179450646,134,0.0
1738179450,155.537,155.546,0.0,0,1738179450650,134,0.0
1738179450,155.535,155.545,0.0,0,1738179450691,134,0.0
1738179451,155.534,155.544,0.0,0,1738179451698,134,0.0
1738179452,155.537,155.547,0.0,0,1738179452031,134,0.0
1738179452,155.539,155.549,0.0,0,1738179452049,134,0.0
1738179452,155.541,155.551,0.0,0,1738179452456,134,0.0
1738179452,155.543,155.553,0.0,0,1738179452493,134,0.0
1738179453,155.54,155.549,0.0,0,1738179453088,134,0.0
1738179453,155.542,155.552,0.0,0,1738179453196,134,0.0
1738179453,155.54,155.549,0.0,0,1738179453609,134,0.0
1738179453,155.537,155.547,0.0,0,1738179453937,134,0.0
1738179454,155.535,155.545,0.0,0,1738179454028,134,0.0
1738179454,155.534,155.544,0.0,0,1738179454586,134,0.0
1738179455,155.535,155.545,0.0,0,1738179455647,134,0.0
1738179456,155.538,155.547,0.0,0,1738179456035,134,0.0
1738179456,155.54,155.55,0.0,0,1738179456046,134,0.0
1738179456,155.542,155.552,0.0,0,1738179456064,134,0.0
1738179456,155.544,155.553,0.0,0,1738179456318,134,0.0
1738179456,155.545,155.555,0.0,0,1738179456432,134,0.0
1738179456,155.547,155.557,0.0,0,1738179456464,134,0.0
1738179457,155.544,155.554,0.0,0,1738179457905,134,0.0
1738179457,155.542,155.552,0.0,0,1738179457978,134,0.0
1738179458,155.54,155.55,0.0,0,1738179458045,134,0.0
1738179458,155.538,155.548,0.0,0,1738179458046,134,0.0
1738179458,155.542,155.551,0.0,0,1738179458147,134,0.0
1738179458,155.544,155.554,0.0,0,1738179458163,134,0.0
1738179458,155.541,155.551,0.0,0,1738179458741,134,0.0
1738179458,155.538,155.548,0.0,0,1738179458804,134,0.0
1738179458,155.537,155.546,0.0,0,1738179458840,134,0.0
1738179459,155.536,155.546,0.0,0,1738179459462,130,0.0
1738179459,155.534,155.544,0.0,0,1738179459740,134,0.0
1738179460,155.536,155.546,0.0,0,1738179460911,134,0.0
1738179461,155.534,155.543,0.0,0,1738179461449,134,0.0
1738179461,155.532,155.541,0.0,0,1738179461461,134,0.0
1738179461,155.529,155.539,0.0,0,1738179461482,134,0.0
1738179461,155.527,155.537,0.0,0,1738179461572,134,0.0
1738179461,155.525,155.535,0.0,0,1738179461599,134,0.0
1738179461,155.529,155.539,0.0,0,1738179461633,134,0.0
1738179462,155.53,155.54,0.0,0,1738179462768,134,0.0
1738179464,155.532,155.542,0.0,0,1738179464456,134,0.0
1738179465,155.529,155.539,0.0,0,1738179465408,134,0.0
1738179466,155.528,155.538,0.0,0,1738179466544,134,0.0
1738179466,155.526,155.535,0.0,0,1738179466556,134,0.0
1738179466,155.524,155.534,0.0,0,1738179466603,134,0.0
1738179466,155.522,155.532,0.0,0,1738179466966,134,0.0
1738179468,155.521,155.531,0.0,0,1738179468017,134,0.0
1738179469,155.519,155.529,0.0,0,1738179469055,134,0.0
1738179469,155.517,155.526,0.0,0,1738179469091,134,0.0
1738179469,155.515,155.525,0.0,0,1738179469130,134,0.0
1738179470,155.518,155.528,0.0,0,1738179470417,134,0.0
1738179470,155.52,155.53,0.0,0,1738179470438,134,0.0
1738179470,155.522,155.532,0.0,0,1738179470455,134,0.0
1738179472,155.524,155.534,0.0,0,1738179472151,134,0.0
1738179472,155.526,155.536,0.0,0,1738179472193,134,0.0
1738179473,155.523,155.533,0.0,0,1738179473152,134,0.0
1738179473,155.52,155.53,0.0,0,1738179473353,134,0.0
1738179474,155.521,155.531,0.0,0,1738179474354,134,0.0
1738179475,155.52,155.53,0.0,0,1738179475418,134,0.0
1738179476,155.523,155.533,0.0,0,1738179476162,134,0.0
1738179476,155.526,155.535,0.0,0,1738179476183,134,0.0
1738179477,155.522,155.532,0.0,0,1738179477055,134,0.0
1738179477,155.519,155.529,0.0,0,1738179477074,134,0.0
1738179477,155.517,155.527,0.0,0,1738179477107,134,0.0
1738179477,155.516,155.526,0.0,0,1738179477136,134,0.0
1738179477,155.519,155.529,0.0,0,1738179477172,134,0.0
1738179477,155.521,155.531,0.0,0,1738179477176,134,0.0
1738179477,155.523,155.533,0.0,0,1738179477184,134,0.0
1738179477,155.52,155.53,0.0,0,1738179477245,134,0.0
1738179477,155.518,155.528,0.0,0,1738179477352,134,0.0
1738179477,155.516,155.526,0.0,0,1738179477391,134,0.0
1738179477,155.52,155.529,0.0,0,1738179477641,134,0.0
1738179477,155.522,155.532,0.0,0,1738179477653,134,0.0
1738179477,155.523,155.533,0.0,0,1738179477707,134,0.0
1738179477,155.525,155.535,0.0,0,1738179477713,134,0.0
1738179478,155.527,155.537,0.0,0,1738179478029,134,0.0
1738179478,155.529,155.539,0.0,0,1738179478051,134,0.0
1738179478,155.53,155.54,0.0,0,1738179478088,134,0.0
1738179478,155.532,155.541,0.0,0,1738179478231,134,0.0
1738179478,155.533,155.543,0.0,0,1738179478326,134,0.0
1738179478,155.535,155.545,0.0,0,1738179478460,134,0.0
1738179478,155.536,155.546,0.0,0,1738179478656,134,0.0
1738179479,155.533,155.543,0.0,0,1738179479060,134,0.0
1738179479,155.53,155.54,0.0,0,1738179479090,134,0.0
1738179479,155.528,155.538,0.0,0,1738179479126,134,0.0
1738179479,155.527,155.537,0.0,0,1738179479164,134,0.0
1738179479,155.525,155.535,0.0,0,1738179479267,134,0.0
1738179479,155.524,155.533,0.0,0,1738179479372,134,0.0
1738179479,155.522,155.532,0.0,0,1738179479646,134,0.0
1738179479,155.521,155.53,0.0,0,1738179479664,134,0.0
1738179479,155.518,155.528,0.0,0,1738179479742,134,0.0
1738179479,155.516,155.526,0.0,0,1738179479790,134,0.0
1738179480,155.52,155.529,0.0,0,1738179480142,134,0.0
1738179480,155.517,155.527,0.0,0,1738179480666,134,0.0
1738179480,155.515,155.525,0.0,0,1738179480708,134,0.0
1738179480,155.513,155.522,0.0,0,1738179480734,134,0.0
1738179480,155.511,155.521,0.0,0,1738179480741,134,0.0
1738179480,155.51,155.519,0.0,0,1738179480751,134,0.0
1738179480,155.508,155.518,0.0,0,1738179480758,134,0.0
1738179480,155.507,155.516,0.0,0,1738179480766,134,0.0
1738179480,155.505,155.515,0.0,0,1738179480790,134,0.0
1738179480,155.502,155.512,0.0,0,1738179480792,134,0.0
1738179480,155.5,155.51,0.0,0,1738179480796,134,0.0
1738179480,155.499,155.509,0.0,0,1738179480800,134,0.0
1738179480,155.497,155.507,0.0,0,1738179480803,134,0.0
1738179480,155.495,155.505,0.0,0,1738179480832,134,0.0
1738179480,155.493,155.503,0.0,0,1738179480837,134,0.0
1738179480,155.492,155.502,0.0,0,1738179480841,134,0.0
1738179480,155.49,155.5,0.0,0,1738179480844,134,0.0
1738179480,155.489,155.499,0.0,0,1738179480846,134,0.0
1738179480,155.486,155.495,0.0,0,1738179480892,134,0.0
1738179480,155.478,155.488,0.0,0,1738179480892,134,0.0
1738179480,155.477,155.487,0.0,0,1738179480894,134,0.0
1738179480,155.48,155.49,0.0,0,1738179480912,134,0.0
1738179481,155.478,155.487,0.0,0,1738179481038,134,0.0
1738179481,155.476,155.485,0.0,0,1738179481040,134,0.0
1738179481,155.474,155.484,0.0,0,1738179481042,134,0.0
1738179481,155.472,155.482,0.0,0,1738179481047,134,0.0
1738179481,155.471,155.481,0.0,0,1738179481057,134,0.0
1738179481,155.469,155.479,0.0,0,1738179481063,134,0.0
1738179481,155.467,155.477,0.0,0,1738179481083,134,0.0
1738179481,155.466,155.475,0.0,0,1738179481090,134,0.0
1738179481,155.464,155.474,0.0,0,1738179481093,134,0.0
1738179481,155.463,155.472,0.0,0,1738179481107,134,0.0
1738179481,155.461,155.471,0.0,0,1738179481130,134,0.0
1738179481,155.459,155.469,0.0,0,1738179481322,134,0.0
1738179481,155.463,155.472,0.0,0,1738179481374,134,0.0
1738179481,155.465,155.475,0.0,0,1738179481482,134,0.0
1738179481,155.467,155.477,0.0,0,1738179481498,134,0.0
1738179481,155.468,155.478,0.0,0,1738179481584,134,0.0
1738179481,155.465,155.475,0.0,0,1738179481683,134,0.0
1738179481,155.462,155.472,0.0,0,1738179481687,134,0.0
1738179481,155.46,155.47,0.0,0,1738179481691,134,0.0
1738179481,155.458,155.468,0.0,0,1738179481695,134,0.0
1738179481,155.456,155.466,0.0,0,1738179481698,134,0.0
1738179481,155.454,155.464,0.0,0,1738179481701,134,0.0
1738179481,155.453,155.462,0.0,0,1738179481713,134,0.0
1738179481,155.451,155.461,0.0,0,1738179481718,134,0.0
1738179481,155.449,155.459,0.0,0,1738179481722,134,0.0
1738179481,155.447,155.457,0.0,0,1738179481732,134,0.0
1738179481,155.445,155.455,0.0,0,1738179481739,134,0.0
1738179481,155.444,155.453,0.0,0,1738179481740,134,0.0
1738179481,155.442,155.452,0.0,0,1738179481749,134,0.0
1738179481,155.44,155.45,0.0,0,1738179481750,134,0.0
1738179481,155.438,155.448,0.0,0,1738179481757,134,0.0
1738179481,155.437,155.447,0.0,0,1738179481770,134,0.0
1738179481,155.436,155.445,0.0,0,1738179481791,134,0.0
1738179481,155.434,155.444,0.0,0,1738179481796,134,0.0
1738179481,155.432,155.442,0.0,0,1738179481801,134,0.0
1738179481,155.431,155.44,0.0,0,1738179481815,134,0.0
1738179481,155.429,155.439,0.0,0,1738179481831,134,0.0
1738179481,155.428,155.437,0.0,0,1738179481852,134,0.0
1738179481,155.431,155.441,0.0,0,1738179481902,134,0.0
1738179481,155.434,155.444,0.0,0,1738179481905,134,0.0
1738179481,155.436,155.446,0.0,0,1738179481913,134,0.0
1738179481,155.438,155.448,0.0,0,1738179481915,134,0.0
1738179481,155.44,155.45,0.0,0,1738179481930,134,0.0
1738179481,155.442,155.452,0.0,0,1738179481934,134,0.0
1738179481,155.443,155.453,0.0,0,1738179481953,134,0.0
1738179482,155.445,155.455,0.0,0,1738179482016,134,0.0
1738179482,155.447,155.456,0.0,0,1738179482025,134,0.0
1738179482,155.448,155.458,0.0,0,1738179482052,134,0.0
1738179482,155.45,155.46,0.0,0,1738179482057,134,0.0
1738179482,155.452,155.462,0.0,0,1738179482062,134,0.0
1738179482,155.454,155.463,0.0,0,1738179482068,134,0.0
1738179482,155.455,155.465,0.0,0,1738179482070,134,0.0
1738179482,155.457,155.467,0.0,0,1738179482072,134,0.0
1738179482,155.46,155.469,0.0,0,1738179482077,134,0.0
1738179482,155.461,155.471,0.0,0,1738179482080,134,0.0
1738179482,155.458,155.468,0.0,0,1738179482112,134,0.0
1738179482,155.455,155.465,0.0,0,1738179482125,134,0.0
1738179482,155.453,155.463,0.0,0,1738179482141,134,0.0
1738179482,155.452,155.462,0.0,0,1738179482194,134,0.0
1738179482,155.45,155.46,0.0,0,1738179482243,134,0.0
1738179482,155.448,155.458,0.0,0,1738179482270,134,0.0
1738179482,155.447,155.457,0.0,0,1738179482331,134,0.0
1738179482,155.445,155.454,0.0,0,1738179482350,134,0.0
1738179482,155.443,155.453,0.0,0,1738179482353,134,0.0
1738179482,155.441,155.451,0.0,0,1738179482380,134,0.0
1738179482,155.44,155.45,0.0,0,1738179482437,134,0.0
1738179482,155.443,155.453,0.0,0,1738179482477,134,0.0
1738179482,155.446,155.456,0.0,0,1738179482495,134,0.0
1738179482,155.443,155.453,0.0,0,1738179482526,134,0.0
1738179482,155.441,155.451,0.0,0,1738179482565,134,0.0
1738179482,155.438,155.448,0.0,0,1738179482566,134,0.0
1738179482,155.436,155.446,0.0,0,1738179482569,134,0.0
1738179482,155.434,155.444,0.0,0,1738179482573,134,0.0
1738179482,155.433,155.442,0.0,0,1738179482573,134,0.0
1738179482,155.431,155.441,0.0,0,1738179482579,134,0.0
1738179482,155.429,155.439,0.0,0,1738179482587,134,0.0
1738179482,155.423,155.433,0.0,0,1738179482589,134,0.0
1738179482,155.418,155.428,0.0,0,1738179482591,134,0.0
1738179482,155.416,155.426,0.0,0,1738179482596,134,0.0
1738179482,155.42,155.429,0.0,0,1738179482598,134,0.0
1738179482,155.423,155.432,0.0,0,1738179482617,134,0.0
1738179482,155.424,155.434,0.0,0,1738179482634,134,0.0
1738179482,155.421,155.43,0.0,0,1738179482651,134,0.0
1738179482,155.415,155.425,0.0,0,1738179482655,134,0.0
1738179482,155.413,155.423,0.0,0,1738179482660,134,0.0
1738179482,155.417,155.426,0.0,0,1738179482699,134,0.0
1738179482,155.42,155.43,0.0,0,1738179482708,134,0.0
1738179482,155.421,155.431,0.0,0,1738179482717,134,0.0
1738179482,155.424,155.434,0.0,0,1738179482725,134,0.0
1738179482,155.425,155.435,0.0,0,1738179482726,134,0.0
1738179482,155.427,155.437,0.0,0,1738179482727,134,0.0
1738179482,155.429,155.439,0.0,0,1738179482745,134,0.0
1738179482,155.43,155.44,0.0,0,1738179482779,134,0.0
1738179482,155.432,155.442,0.0,0,1738179482785,134,0.0
1738179482,155.434,155.444,0.0,0,1738179482788,134,0.0
1738179482,155.435,155.445,0.0,0,1738179482794,134,0.0
1738179482,155.437,155.447,0.0,0,1738179482806,134,0.0
1738179482,155.439,155.449,0.0,0,1738179482822,134,0.0
1738179482,155.435,155.445,0.0,0,1738179482836,134,0.0
1738179482,155.433,155.443,0.0,0,1738179482843,134,0.0
1738179482,155.431,155.441,0.0,0,1738179482854,134,0.0
1738179482,155.428,155.438,0.0,0,1738179482921,134,0.0
1738179482,155.426,155.436,0.0,0,1738179482924,134,0.0
1738179482,155.424,155.434,0.0,0,1738179482927,134,0.0
1738179482,155.422,155.432,0.0,0,1738179482929,134,0.0
1738179482,155.42,155.43,0.0,0,1738179482935,134,0.0
1738179482,155.418,155.428,0.0,0,1738179482958,134,0.0
1738179482,155.416,155.426,0.0,0,1738179482967,134,0.0
1738179482,155.415,155.424,0.0,0,1738179482975,134,0.0
1738179482,155.413,155.423,0.0,0,1738179482981,134,0.0
1738179482,155.41,155.42,0.0,0,1738179482987,134,0.0
1738179482,155.408,155.418,0.0,0,1738179482988,134,0.0
1738179482,155.406,155.416,0.0,0,1738179482991,134,0.0
1738179482,155.405,155.415,0.0,0,1738179482995,134,0.0
1738179483,155.404,155.413,0.0,0,1738179483010,134,0.0
1738179483,155.399,155.409,0.0,0,1738179483015,134,0.0
1738179483,155.396,155.406,0.0,0,1738179483028,134,0.0
1738179483,155.394,155.404,0.0,0,1738179483030,134,0.0
1738179483,155.392,155.402,0.0,0,1738179483036,134,0.0
1738179483,155.39,155.4,0.0,0,1738179483041,134,0.0
1738179483,155.393,155.403,0.0,0,1738179483055,134,0.0
1738179483,155.397,155.407,0.0,0,1738179483090,134,0.0
1738179483,155.4,155.409,0.0,0,1738179483095,134,0.0
1738179483,155.401,155.411,0.0,0,1738179483110,134,0.0
1738179483,155.404,155.414,0.0,0,1738179483235,134,0.0
1738179483,155.406,155.415,0.0,0,1738179483237,134,0.0
1738179483,155.407,155.417,0.0,0,1738179483246,134,0.0
1738179483,155.409,155.418,0.0,0,1738179483255,134,0.0
1738179483,155.41,155.42,0.0,0,1738179483262,134,0.0
1738179483,155.412,155.422,0.0,0,1738179483266,134,0.0
1738179483,155.414,155.423,0.0,0,1738179483273,134,0.0
1738179483,155.415,155.425,0.0,0,1738179483290,134,0.0
1738179483,155.417,155.426,0.0,0,1738179483335,134,0.0
1738179483,155.418,155.428,0.0,0,1738179483421,134,0.0
1738179483,155.42,155.43,0.0,0,1738179483429,134,0.0
1738179483,155.422,155.432,0.0,0,1738179483437,134,0.0
1738179483,155.424,155.434,0.0,0,1738179483447,134,0.0
1738179483,155.425,155.435,0.0,0,1738179483480,134,0.0
1738179483,155.428,155.438,0.0,0,1738179483480,134,0.0
1738179483,155.43,155.44,0.0,0,1738179483480,134,0.0
1738179483,155.432,155.441,0.0,0,1738179483483,134,0.0
1738179483,155.428,155.438,0.0,0,1738179483499,134,0.0
1738179483,155.431,155.441,0.0,0,1738179483543,134,0.0
1738179483,155.434,155.444,0.0,0,1738179483546,134,0.0
1738179483,155.43,155.44,0.0,0,1738179483574,134,0.0
1738179483,155.427,155.437,0.0,0,1738179483584,134,0.0
1738179483,155.425,155.435,0.0,0,1738179483589,134,0.0
1738179483,155.424,155.433,0.0,0,1738179483599,134,0.0
1738179483,155.427,155.437,0.0,0,1738179483619,134,0.0
1738179483,155.424,155.434,0.0,0,1738179483643,134,0.0
1738179483,155.422,155.432,0.0,0,1738179483647,134,0.0
1738179483,155.42,155.43,0.0,0,1738179483658,134,0.0
1738179483,155.418,155.428,0.0,0,1738179483668,134,0.0
1738179483,155.416,155.426,0.0,0,1738179483698,134,0.0
1738179483,155.415,155.425,0.0,0,1738179483703,134,0.0
1738179483,155.413,155.423,0.0,0,1738179483709,134,0.0
1738179483,155.411,155.421,0.0,0,1738179483712,134,0.0
1738179483,155.409,155.419,0.0,0,1738179483713,134,0.0
1738179483,155.407,155.417,0.0,0,1738179483732,134,0.0
1738179483,155.411,155.421,0.0,0,1738179483755,134,0.0
1738179483,155.413,155.423,0.0,0,1738179483811,134,0.0
1738179483,155.415,155.425,0.0,0,1738179483820,134,0.0
1738179483,155.417,155.427,0.0,0,1738179483821,134,0.0
1738179483,155.419,155.429,0.0,0,1738179483821,134,0.0
1738179483,155.42,155.43,0.0,0,1738179483821,134,0.0
1738179483,155.422,155.432,0.0,0,1738179483830,134,0.0
1738179483,155.424,155.433,0.0,0,1738179483848,134,0.0
1738179483,155.425,155.435,0.0,0,1738179483854,134,0.0
1738179483,155.427,155.437,0.0,0,1738179483879,134,0.0
1738179483,155.428,155.438,0.0,0,1738179483915,134,0.0
1738179483,155.43,155.44,0.0,0,1738179483919,134,0.0
1738179483,155.431,155.441,0.0,0,1738179483992,134,0.0
1738179484,155.428,155.437,0.0,0,1738179484036,134,0.0
1738179484,155.425,155.435,0.0,0,1738179484236,134,0.0
1738179484,155.422,155.432,0.0,0,1738179484244,134,0.0
1738179484,155.42,155.43,0.0,0,1738179484252,134,0.0
1738179484,155.418,155.428,0.0,0,1738179484259,134,0.0
1738179484,155.417,155.427,0.0,0,1738179484262,134,0.0
1738179484,155.415,155.425,0.0,0,1738179484283,134,0.0
1738179484,155.418,155.428,0.0,0,1738179484359,134,0.0
1738179484,155.421,155.431,0.0,0,1738179484530,134,0.0
1738179484,155.423,155.433,0.0,0,1738179484546,134,0.0
1738179484,155.425,155.435,0.0,0,1738179484546,134,0.0
1738179484,155.422,155.431,0.0,0,1738179484609,134,0.0
1738179484,155.424,155.434,0.0,0,1738179484636,134,0.0
1738179484,155.426,155.436,0.0,0,1738179484737,134,0.0
1738179484,155.428,155.438,0.0,0,1738179484765,134,0.0
1738179484,155.424,155.434,0.0,0,1738179484779,134,0.0
1738179484,155.422,155.432,0.0,0,1738179484789,134,0.0
1738179484,155.425,155.435,0.0,0,1738179484829,134,0.0
1738179484,155.428,155.438,0.0,0,1738179484893,134,0.0
1738179485,155.43,155.44,0.0,0,1738179485033,134,0.0
1738179485,155.432,155.442,0.0,0,1738179485049,134,0.0
1738179485,155.434,155.444,0.0,0,1738179485053,134,0.0
1738179485,155.435,155.445,0.0,0,1738179485088,134,0.0
1738179485,155.437,155.446,0.0,0,1738179485113,134,0.0
1738179485,155.433,155.443,0.0,0,1738179485119,134,0.0
1738179485,155.431,155.44,0.0,0,1738179485131,134,0.0
1738179485,155.429,155.438,0.0,0,1738179485139,134,0.0
1738179485,155.427,155.437,0.0,0,1738179485146,134,0.0
1738179485,155.425,155.435,0.0,0,1738179485163,134,0.0
1738179485,155.428,155.438,0.0,0,1738179485227,134,0.0
1738179485,155.431,155.44,0.0,0,1738179485232,134,0.0
1738179485,155.433,155.442,0.0,0,1738179485245,134,0.0
1738179485,155.435,155.445,0.0,0,1738179485272,134,0.0
1738179485,155.431,155.441,0.0,0,1738179485297,134,0.0
1738179485,155.428,155.438,0.0,0,1738179485302,134,0.0
1738179485,155.426,155.436,0.0,0,1738179485310,134,0.0
1738179485,155.424,155.434,0.0,0,1738179485491,134,0.0
1738179485,155.423,155.432,0.0,0,1738179485493,134,0.0
1738179485,155.421,155.431,0.0,0,1738179485497,134,0.0
1738179485,155.419,155.429,0.0,0,1738179485497,134,0.0
1738179485,155.417,155.427,0.0,0,1738179485505,134,0.0
1738179485,155.414,155.424,0.0,0,1738179485509,134,0.0
1738179485,155.411,155.421,0.0,0,1738179485512,134,0.0
1738179485,155.409,155.419,0.0,0,1738179485512,134,0.0
1738179485,155.408,155.418,0.0,0,1738179485532,134,0.0
1738179485,155.406,155.415,0.0,0,1738179485563,134,0.0
1738179485,155.401,155.411,0.0,0,1738179485564,134,0.0
1738179485,155.4,155.41,0.0,0,1738179485576,134,0.0
1738179485,155.398,155.408,0.0,0,1738179485621,134,0.0
1738179485,155.397,155.407,0.0,0,1738179485799,134,0.0
1738179485,155.395,155.405,0.0,0,1738179485808,134,0.0
1738179485,155.394,155.404,0.0,0,1738179485817,134,0.0
1738179485,155.391,155.401,0.0,0,1738179485828,134,0.0
1738179485,155.389,155.399,0.0,0,1738179485830,134,0.0
1738179485,155.388,155.398,0.0,0,1738179485831,134,0.0
1738179485,155.386,155.396,0.0,0,1738179485833,134,0.0
1738179485,155.384,155.394,0.0,0,1738179485840,134,0.0
1738179485,155.382,155.392,0.0,0,1738179485855,134,0.0
1738179485,155.381,155.391,0.0,0,1738179485866,134,0.0
1738179485,155.38,155.389,0.0,0,1738179485866,134,0.0
1738179486,155.384,155.393,0.0,0,1738179486007,134,0.0
1738179486,155.386,155.396,0.0,0,1738179486010,134,0.0
1738179486,155.388,155.397,0.0,0,1738179486039,134,0.0
1738179486,155.389,155.399,0.0,0,1738179486044,134,0.0
1738179486,155.393,155.403,0.0,0,1738179486046,134,0.0
1738179486,155.395,155.404,0.0,0,1738179486064,134,0.0
1738179486,155.391,155.401,0.0,0,1738179486105,134,0.0
1738179486,155.388,155.398,0.0,0,1738179486110,134,0.0
1738179486,155.386,155.396,0.0,0,1738179486125,134,0.0
1738179486,155.383,155.392,0.0,0,1738179486126,134,0.0
1738179486,155.381,155.391,0.0,0,1738179486128,134,0.0
1738179486,155.379,155.389,0.0,0,1738179486175,134,0.0
1738179486,155.378,155.387,0.0,0,1738179486189,134,0.0
1738179486,155.376,155.386,0.0,0,1738179486198,134,0.0
1738179486,155.38,155.39,0.0,0,1738179486311,134,0.0
1738179486,155.382,155.392,0.0,0,1738179486314,134,0.0
1738179486,155.384,155.394,0.0,0,1738179486342,134,0.0
1738179486,155.386,155.396,0.0,0,1738179486356,134,0.0
1738179486,155.388,155.397,0.0,0,1738179486358,134,0.0
1738179486,155.39,155.399,0.0,0,1738179486360,134,0.0
1738179486,155.391,155.401,0.0,0,1738179486371,134,0.0
1738179486,155.393,155.402,0.0,0,1738179486378,134,0.0
1738179486,155.394,155.404,0.0,0,1738179486408,134,0.0
1738179486,155.396,155.405,0.0,0,1738179486417,134,0.0
1738179486,155.397,155.407,0.0,0,1738179486543,134,0.0
1738179486,155.394,155.404,0.0,0,1738179486629,134,0.0
1738179486,155.397,155.407,0.0,0,1738179486712,134,0.0
1738179486,155.399,155.409,0.0,0,1738179486743,134,0.0
1738179486,155.401,155.411,0.0,0,1738179486752,134,0.0
1738179486,155.403,155.412,0.0,0,1738179486848,134,0.0
1738179486,155.405,155.415,0.0,0,1738179486887,134,0.0
1738179486,155.406,155.416,0.0,0,1738179486889,134,0.0
1738179486,155.41,155.419,0.0,0,1738179486891,134,0.0
1738179486,155.411,155.421,0.0,0,1738179486893,134,0.0
1738179486,155.413,155.423,0.0,0,1738179486916,134,0.0
1738179486,155.415,155.425,0.0,0,1738179486985,134,0.0
1738179487,155.416,155.426,0.0,0,1738179487103,134,0.0
1738179487,155.418,155.427,0.0,0,1738179487163,134,0.0
1738179487,155.414,155.424,0.0,0,1738179487371,134,0.0
1738179487,155.412,155.422,0.0,0,1738179487382,134,0.0
1738179487,155.41,155.42,0.0,0,1738179487386,134,0.0
1738179487,155.409,155.419,0.0,0,1738179487389,134,0.0
1738179487,155.407,155.417,0.0,0,1738179487404,134,0.0
1738179487,155.404,155.414,0.0,0,1738179487426,134,0.0
1738179487,155.403,155.413,0.0,0,1738179487454,134,0.0
1738179487,155.407,155.417,0.0,0,1738179487462,134,0.0
1738179487,155.409,155.419,0.0,0,1738179487470,134,0.0
1738179487,155.411,155.421,0.0,0,1738179487487,134,0.0
1738179487,155.413,155.423,0.0,0,1738179487505,134,0.0
1738179487,155.409,155.419,0.0,0,1738179487616,134,0.0
1738179487,155.412,155.422,0.0,0,1738179487641,134,0.0
1738179487,155.414,155.424,0.0,0,1738179487677,134,0.0
1738179487,155.416,155.426,0.0,0,1738179487781,134,0.0
1738179488,155.418,155.428,0.0,0,1738179488052,134,0.0
1738179488,155.42,155.429,0.0,0,1738179488075,134,0.0
1738179488,155.421,155.431,0.0,0,1738179488083,134,0.0
1738179488,155.423,155.433,0.0,0,1738179488095,134,0.0
1738179488,155.425,155.435,0.0,0,1738179488114,134,0.0
1738179488,155.426,155.436,0.0,0,1738179488178,134,0.0
1738179488,155.423,155.432,0.0,0,1738179488207,134,0.0
1738179488,155.42,155.43,0.0,0,1738179488216,134,0.0
1738179488,155.423,155.433,0.0,0,1738179488236,134,0.0
1738179488,155.421,155.431,0.0,0,1738179488374,134,0.0
1738179488,155.419,155.429,0.0,0,1738179488383,134,0.0
1738179488,155.417,155.427,0.0,0,1738179488396,134,0.0
1738179488,155.421,155.431,0.0,0,1738179488471,134,0.0
1738179488,155.423,155.433,0.0,0,1738179488616,134,0.0
1738179488,155.425,155.434,0.0,0,1738179488696,134,0.0
1738179488,155.426,155.436,0.0,0,1738179488699,134,0.0
1738179488,155.428,155.438,0.0,0,1738179488702,134,0.0
1738179488,155.43,155.439,0.0,0,1738179488704,134,0.0
1738179488,155.431,155.441,0.0,0,1738179488759,134,0.0
1738179489,155.428,155.438,0.0,0,1738179489074,134,0.0
1738179489,155.425,155.435,0.0,0,1738179489084,134,0.0
1738179489,155.424,155.433,0.0,0,1738179489103,134,0.0
1738179489,155.422,155.432,0.0,0,1738179489159,134,0.0
1738179489,155.42,155.43,0.0,0,1738179489159,134,0.0
1738179489,155.419,155.429,0.0,0,1738179489220,134,0.0
1738179489,155.417,155.427,0.0,0,1738179489300,134,0.0
1738179489,155.416,155.426,0.0,0,1738179489313,134,0.0
1738179489,155.414,155.424,0.0,0,1738179489317,134,0.0
1738179489,155.413,155.422,0.0,0,1738179489324,134,0.0
1738179489,155.411,155.421,0.0,0,1738179489343,134,0.0
1738179489,155.409,155.419,0.0,0,1738179489376,134,0.0
1738179489,155.408,155.418,0.0,0,1738179489389,134,0.0
1738179489,155.405,155.415,0.0,0,1738179489398,134,0.0
1738179489,155.404,155.414,0.0,0,1738179489404,134,0.0
1738179489,155.402,155.412,0.0,0,1738179489420,134,0.0
1738179489,155.401,155.411,0.0,0,1738179489434,134,0.0
1738179489,155.399,155.409,0.0,0,1738179489456,134,0.0
1738179489,155.396,155.405,0.0,0,1738179489484,134,0.0
1738179489,155.392,155.402,0.0,0,1738179489486,134,0.0
1738179489,155.39,155.4,0.0,0,1738179489490,134,0.0
1738179489,155.394,155.403,0.0,0,1738179489732,134,0.0
1738179489,155.396,155.406,0.0,0,1738179489745,134,0.0
1738179489,155.398,155.408,0.0,0,1738179489767,134,0.0
1738179489,155.4,155.41,0.0,0,1738179489797,134,0.0
1738179489,155.401,155.411,0.0,0,1738179489798,134,0.0
1738179489,155.403,155.413,0.0,0,1738179489813,134,0.0
1738179489,155.399,155.409,0.0,0,1738179489897,134,0.0
1738179489,155.396,155.405,0.0,0,1738179489916,134,0.0
1738179489,155.393,155.403,0.0,0,1738179489942,134,0.0
1738179489,155.39,155.4,0.0,0,1738179489955,134,0.0
1738179489,155.388,155.398,0.0,0,1738179489984,134,0.0
1738179489,155.387,155.397,0.0,0,1738179489987,134,0.0
1738179490,155.385,155.395,0.0,0,1738179490007,134,0.0
1738179490,155.384,155.394,0.0,0,1738179490010,134,0.0
1738179490,155.382,155.392,0.0,0,1738179490041,134,0.0
1738179490,155.386,155.395,0.0,0,1738179490172,134,0.0
1738179490,155.388,155.398,0.0,0,1738179490194,134,0.0
1738179490,155.385,155.395,0.0,0,1738179490223,134,0.0
1738179490,155.381,155.39,0.0,0,1738179490229,134,0.0
1738179490,155.379,155.388,0.0,0,1738179490233,134,0.0
1738179490,155.377,155.387,0.0,0,1738179490238,134,0.0
1738179490,155.375,155.385,0.0,0,1738179490306,134,0.0
1738179490,155.374,155.384,0.0,0,1738179490323,134,0.0
1738179490,155.372,155.382,0.0,0,1738179490395,134,0.0
1738179490,155.371,155.381,0.0,0,1738179490438,134,0.0
1738179490,155.37,155.379,0.0,0,1738179490499,134,0.0
1738179490,155.367,155.377,0.0,0,1738179490514,134,0.0
1738179490,155.366,155.375,0.0,0,1738179490557,134,0.0
1738179490,155.369,155.379,0.0,0,1738179490621,134,0.0
1738179490,155.372,155.382,0.0,0,1738179490637,134,0.0
1738179490,155.373,155.383,0.0,0,1738179490648,134,0.0
1738179490,155.376,155.386,0.0,0,1738179490656,134,0.0
1738179490,155.378,155.388,0.0,0,1738179490697,134,0.0
1738179490,155.379,155.389,0.0,0,1738179490789,134,0.0
1738179490,155.375,155.385,0.0,0,1738179490815,134,0.0
1738179490,155.371,155.381,0.0,0,1738179490822,134,0.0
1738179490,155.375,155.384,0.0,0,1738179490856,134,0.0
1738179490,155.378,155.388,0.0,0,1738179490861,134,0.0
1738179490,155.38,155.389,0.0,0,1738179490863,134,0.0
1738179491,155.381,155.391,0.0,0,1738179491051,134,0.0
1738179491,155.377,155.387,0.0,0,1738179491130,134,0.0
1738179491,155.375,155.385,0.0,0,1738179491144,134,0.0
1738179491,155.379,155.388,0.0,0,1738179491186,134,0.0
1738179491,155.381,155.391,0.0,0,1738179491194,134,0.0
1738179491,155.383,155.392,0.0,0,1738179491209,134,0.0
1738179491,155.385,155.395,0.0,0,1738179491341,134,0.0
1738179491,155.387,155.396,0.0,0,1738179491359,134,0.0
1738179491,155.389,155.398,0.0,0,1738179491470,134,0.0
1738179491,155.39,155.4,0.0,0,1738179491533,134,0.0
1738179491,155.392,155.401,0.0,0,1738179491566,134,0.0
1738179491,155.394,155.403,0.0,0,1738179491737,134,0.0
1738179491,155.395,155.405,0.0,0,1738179491777,134,0.0
1738179491,155.397,155.406,0.0,0,1738179491787,134,0.0
1738179491,155.398,155.408,0.0,0,1738179491797,134,0.0
1738179491,155.4,155.41,0.0,0,1738179491861,134,0.0
1738179491,155.402,155.412,0.0,0,1738179491903,134,0.0
1738179491,155.404,155.414,0.0,0,1738179491911,134,0.0
1738179491,155.4,155.409,0.0,0,1738179491938,134,0.0
1738179491,155.397,155.406,0.0,0,1738179491940,134,0.0
1738179491,155.395,155.405,0.0,0,1738179491953,134,0.0
1738179491,155.392,155.402,0.0,0,1738179491963,134,0.0
1738179491,155.39,155.4,0.0,0,1738179491971,134,0.0
1738179492,155.388,155.398,0.0,0,1738179492019,134,0.0
1738179492,155.392,155.402,0.0,0,1738179492058,134,0.0
1738179492,155.389,155.399,0.0,0,1738179492075,134,0.0
1738179492,155.387,155.397,0.0,0,1738179492097,134,0.0
1738179492,155.385,155.395,0.0,0,1738179492109,134,0.0
1738179492,155.384,155.393,0.0,0,1738179492123,134,0.0
1738179492,155.382,155.392,0.0,0,1738179492130,134,0.0
1738179492,155.38,155.39,0.0,0,1738179492178,134,0.0
1738179492,155.378,155.388,0.0,0,1738179492241,134,0.0
1738179492,155.377,155.387,0.0,0,1738179492246,134,0.0
1738179492,155.375,155.384,0.0,0,1738179492255,134,0.0
1738179492,155.373,155.382,0.0,0,1738179492256,134,0.0
1738179492,155.371,155.381,0.0,0,1738179492263,134,0.0
1738179492,155.375,155.385,0.0,0,1738179492304,134,0.0
1738179492,155.372,155.382,0.0,0,1738179492323,134,0.0
1738179492,155.369,155.379,0.0,0,1738179492344,134,0.0
1738179492,155.367,155.377,0.0,0,1738179492387,134,0.0
1738179492,155.366,155.376,0.0,0,1738179492399,134,0.0
1738179492,155.369,155.379,0.0,0,1738179492483,134,0.0
1738179492,155.372,155.382,0.0,0,1738179492569,134,0.0
1738179492,155.374,155.384,0.0,0,1738179492578,134,0.0
1738179492,155.376,155.385,0.0,0,1738179492588,134,0.0
1738179492,155.372,155.382,0.0,0,1738179492629,134,0.0
1738179492,155.369,155.379,0.0,0,1738179492631,134,0.0
1738179492,155.368,155.378,0.0,0,1738179492651,134,0.0
1738179492,155.371,155.381,0.0,0,1738179492753,134,0.0
1738179492,155.374,155.383,0.0,0,1738179492774,134,0.0
1738179492,155.375,155.385,0.0,0,1738179492831,134,0.0
1738179493,155.377,155.387,0.0,0,1738179493031,134,0.0
1738179493,155.379,155.389,0.0,0,1738179493042,134,0.0
1738179493,155.38,155.39,0.0,0,1738179493057,134,0.0
1738179493,155.382,155.392,0.0,0,1738179493294,134,0.0
1738179493,155.384,155.394,0.0,0,1738179493301,134,0.0
1738179493,155.385,155.395,0.0,0,1738179493307,134,0.0
1738179493,155.387,155.397,0.0,0,1738179493307,134,0.0
1738179493,155.389,155.398,0.0,0,1738179493316,134,0.0
1738179493,155.391,155.401,0.0,0,1738179493331,134,0.0
1738179493,155.393,155.403,0.0,0,1738179493349,134,0.0
1738179493,155.395,155.404,0.0,0,1738179493358,134,0.0
1738179493,155.396,155.406,0.0,0,1738179493447,134,0.0
1738179493,155.398,155.408,0.0,0,1738179493450,134,0.0
1738179493,155.399,155.409,0.0,0,1738179493459,134,0.0
1738179493,155.402,155.411,0.0,0,1738179493470,134,0.0
1738179493,155.403,155.413,0.0,0,1738179493481,134,0.0
1738179493,155.399,155.409,0.0,0,1738179493612,134,0.0
1738179493,155.396,155.406,0.0,0,1738179493623,134,0.0
1738179493,155.394,155.404,0.0,0,1738179493624,134,0.0
1738179493,155.398,155.407,0.0,0,1738179493666,134,0.0
1738179493,155.4,155.41,0.0,0,1738179493679,134,0.0
1738179494,155.402,155.411,0.0,0,1738179494310,134,0.0
1738179494,155.403,155.413,0.0,0,1738179494330,134,0.0
1738179494,155.4,155.41,0.0,0,1738179494340,134,0.0
1738179494,155.398,155.408,0.0,0,1738179494348,134,0.0
1738179494,155.395,155.405,0.0,0,1738179494350,134,0.0
1738179494,155.392,155.402,0.0,0,1738179494361,134,0.0
1738179494,155.39,155.399,0.0,0,1738179494362,134,0.0
1738179494,155.385,155.395,0.0,0,1738179494393,134,0.0
1738179494,155.383,155.393,0.0,0,1738179494406,134,0.0
1738179494,155.386,155.396,0.0,0,1738179494437,134,0.0
1738179494,155.389,155.399,0.0,0,1738179494589,134,0.0
1738179494,155.391,155.4,0.0,0,1738179494591,134,0.0
1738179494,155.387,155.397,0.0,0,1738179494691,134,0.0
1738179494,155.385,155.395,0.0,0,1738179494710,134,0.0
1738179495,155.388,155.398,0.0,0,1738179495029,134,0.0
1738179495,155.39,155.4,0.0,0,1738179495295,134,0.0
1738179495,155.387,155.396,0.0,0,1738179495358,134,0.0
1738179495,155.384,155.394,0.0,0,1738179495475,134,0.0
1738179495,155.388,155.398,0.0,0,1738179495491,134,0.0
1738179495,155.391,155.4,0.0,0,1738179495641,134,0.0
1738179495,155.392,155.402,0.0,0,1738179495701,134,0.0
1738179495,155.395,155.404,0.0,0,1738179495715,134,0.0
1738179495,155.396,155.406,0.0,0,1738179495731,134,0.0
1738179495,155.398,155.408,0.0,0,1738179495731,134,0.0
1738179495,155.4,155.41,0.0,0,1738179495888,134,0.0
1738179495,155.401,155.411,0.0,0,1738179495925,134,0.0
1738179495,155.398,155.407,0.0,0,1738179495944,134,0.0
1738179496,155.401,155.41,0.0,0,1738179496001,134,0.0
1738179496,155.403,155.412,0.0,0,1738179496012,134,0.0
1738179496,155.399,155.409,0.0,0,1738179496058,134,0.0
1738179496,155.397,155.407,0.0,0,1738179496064,134,0.0
1738179496,155.401,155.41,0.0,0,1738179496100,134,0.0
1738179496,155.403,155.412,0.0,0,1738179496166,134,0.0
1738179496,155.4,155.41,0.0,0,1738179496325,134,0.0
1738179496,155.403,155.412,0.0,0,1738179496395,134,0.0
1738179496,155.4,155.409,0.0,0,1738179496508,134,0.0
1738179496,155.397,155.406,0.0,0,1738179496555,134,0.0
1738179496,155.401,155.411,0.0,0,1738179496585,134,0.0
1738179496,155.404,155.413,0.0,0,1738179496599,134,0.0
1738179496,155.406,155.415,0.0,0,1738179496696,134,0.0
1738179496,155.407,155.417,0.0,0,1738179496817,134,0.0
1738179496,155.409,155.419,0.0,0,1738179496834,134,0.0
1738179497,155.41,155.42,0.0,0,1738179497016,134,0.0
1738179497,155.406,155.416,0.0,0,1738179497065,134,0.0
1738179497,155.403,155.413,0.0,0,1738179497066,134,0.0
1738179497,155.401,155.411,0.0,0,1738179497068,134,0.0
1738179497,155.399,155.409,0.0,0,1738179497090,134,0.0
1738179497,155.398,155.407,0.0,0,1738179497098,134,0.0
1738179497,155.396,155.406,0.0,0,1738179497140,134,0.0
1738179497,155.394,155.404,0.0,0,1738179497149,134,0.0
1738179497,155.398,155.408,0.0,0,1738179497163,134,0.0
1738179497,155.401,155.411,0.0,0,1738179497174,134,0.0
1738179497,155.402,155.412,0.0,0,1738179497181,134,0.0
1738179497,155.399,155.409,0.0,0,1738179497281,134,0.0
1738179497,155.402,155.412,0.0,0,1738179497328,134,0.0
1738179497,155.399,155.409,0.0,0,1738179497378,134,0.0
1738179497,155.397,155.407,0.0,0,1738179497473,134,0.0
1738179497,155.4,155.41,0.0,0,1738179497573,134,0.0
1738179497,155.402,155.412,0.0,0,1738179497595,134,0.0
1738179497,155.399,155.408,0.0,0,1738179497603,134,0.0
1738179497,155.402,155.412,0.0,0,1738179497661,134,0.0
1738179497,155.404,155.414,0.0,0,1738179497667,134,0.0
1738179497,155.406,155.416,0.0,0,1738179497672,134,0.0
1738179497,155.408,155.417,0.0,0,1738179497692,134,0.0
1738179497,155.404,155.414,0.0,0,1738179497832,134,0.0
1738179497,155.402,155.412,0.0,0,1738179497858,134,0.0
1738179497,155.4,155.409,0.0,0,1738179497864,134,0.0
1738179497,155.398,155.408,0.0,0,1738179497901,134,0.0
1738179497,155.401,155.411,0.0,0,1738179497981,134,0.0
1738179498,155.398,155.408,0.0,0,1738179498143,134,0.0
1738179498,155.396,155.405,0.0,0,1738179498163,134,0.0
1738179498,155.394,155.403,0.0,0,1738179498230,134,0.0
1738179498,155.392,155.402,0.0,0,1738179498266,134,0.0
1738179498,155.39,155.4,0.0,0,1738179498284,134,0.0
1738179498,155.388,155.398,0.0,0,1738179498370,134,0.0
1738179498,155.386,155.396,0.0,0,1738179498375,134,0.0
1738179498,155.385,155.395,0.0,0,1738179498415,134,0.0
1738179498,155.383,155.393,0.0,0,1738179498520,134,0.0
1738179498,155.381,155.391,0.0,0,1738179498546,134,0.0
1738179498,155.379,155.389,0.0,0,1738179498548,134,0.0
1738179498,155.377,155.387,0.0,0,1738179498550,134,0.0
1738179498,155.375,155.385,0.0,0,1738179498555,134,0.0
1738179498,155.372,155.382,0.0,0,1738179498587,134,0.0
1738179498,155.368,155.378,0.0,0,1738179498597,134,0.0
1738179498,155.366,155.376,0.0,0,1738179498607,134,0.0
1738179498,155.37,155.379,0.0,0,1738179498706,134,0.0
1738179498,155.372,155.382,0.0,0,1738179498727,134,0.0
1738179498,155.374,155.384,0.0,0,1738179498802,134,0.0
1738179498,155.376,155.386,0.0,0,1738179498958,134,0.0
1738179498,155.377,155.387,0.0,0,1738179498976,134,0.0
1738179498,155.379,155.389,0.0,0,1738179498977,134,0.0
1738179498,155.38,155.39,0.0,0,1738179498986,134,0.0
1738179499,155.382,155.392,0.0,0,1738179499000,134,0.0
1738179499,155.383,155.393,0.0,0,1738179499296,134,0.0
1738179499,155.38,155.39,0.0,0,1738179499458,134,0.0
1738179499,155.378,155.387,0.0,0,1738179499629,134,0.0
1738179499,155.375,155.385,0.0,0,1738179499640,134,0.0
1738179499,155.374,155.384,0.0,0,1738179499663,134,0.0
1738179499,155.372,155.382,0.0,0,1738179499710,134,0.0
1738179499,155.371,155.38,0.0,0,1738179499890,134,0.0
1738179499,155.374,155.384,0.0,0,1738179499947,134,0.0
1738179500,155.377,155.386,0.0,0,1738179500053,134,0.0
1738179500,155.378,155.388,0.0,0,1738179500083,134,0.0
1738179500,155.381,155.391,0.0,0,1738179500111,134,0.0
1738179500,155.382,155.392,0.0,0,1738179500847,134,0.0
1738179501,155.379,155.389,0.0,0,1738179501142,134,0.0
1738179501,155.377,155.386,0.0,0,1738179501154,134,0.0
1738179501,155.375,155.385,0.0,0,1738179501160,134,0.0
1738179501,155.373,155.383,0.0,0,1738179501184,134,0.0
1738179501,155.377,155.387,0.0,0,1738179501288,134,0.0
1738179501,155.374,155.384,0.0,0,1738179501356,134,0.0
1738179501,155.372,155.382,0.0,0,1738179501380,134,0.0
1738179501,155.37,155.38,0.0,0,1738179501386,134,0.0
1738179501,155.368,155.378,0.0,0,1738179501524,134,0.0
1738179501,155.367,155.377,0.0,0,1738179501848,134,0.0
1738179501,155.365,155.375,0.0,0,1738179501854,134,0.0
1738179501,155.362,155.372,0.0,0,1738179501861,134,0.0
1738179501,155.36,155.37,0.0,0,1738179501882,134,0.0
1738179501,155.359,155.368,0.0,0,1738179501886,134,0.0
1738179502,155.357,155.367,0.0,0,1738179502053,134,0.0
1738179502,155.356,155.365,0.0,0,1738179502084,134,0.0
1738179502,155.359,155.369,0.0,0,1738179502182,134,0.0
1738179502,155.361,155.371,0.0,0,1738179502315,134,0.0
1738179502,155.364,155.373,0.0,0,1738179502357,134,0.0
1738179502,155.365,155.375,0.0,0,1738179502368,134,0.0
1738179502,155.368,155.378,0.0,0,1738179502628,134,0.0
1738179502,155.37,155.379,0.0,0,1738179502662,134,0.0
1738179502,155.366,155.376,0.0,0,1738179502746,134,0.0
1738179502,155.369,155.378,0.0,0,1738179502819,134,0.0
1738179502,155.37,155.38,0.0,0,1738179502854,134,0.0
1738179502,155.372,155.382,0.0,0,1738179502928,134,0.0
1738179502,155.374,155.384,0.0,0,1738179502956,134,0.0
1738179502,155.375,155.385,0.0,0,1738179502960,134,0.0
1738179503,155.377,155.387,0.0,0,1738179503059,134,0.0
1738179503,155.379,155.389,0.0,0,1738179503134,134,0.0
1738179503,155.381,155.391,0.0,0,1738179503197,134,0.0
1738179503,155.377,155.387,0.0,0,1738179503315,134,0.0
1738179503,155.375,155.385,0.0,0,1738179503335,134,0.0
1738179503,155.378,155.388,0.0,0,1738179503745,134,0.0
1738179503,155.38,155.39,0.0,0,1738179503747,134,0.0
1738179503,155.382,155.392,0.0,0,1738179503759,134,0.0
1738179503,155.384,155.394,0.0,0,1738179503796,134,0.0
1738179503,155.38,155.39,0.0,0,1738179503814,134,0.0
1738179503,155.378,155.387,0.0,0,1738179503821,134,0.0
1738179503,155.376,155.386,0.0,0,1738179503834,134,0.0
1738179503,155.374,155.384,0.0,0,1738179503998,134,0.0
1738179504,155.372,155.382,0.0,0,1738179504004,134,0.0
1738179504,155.37,155.38,0.0,0,1738179504007,134,0.0
1738179504,155.368,155.378,0.0,0,1738179504017,134,0.0
1738179504,155.366,155.376,0.0,0,1738179504017,134,0.0
1738179504,155.37,155.38,0.0,0,1738179504249,134,0.0
1738179504,155.372,155.382,0.0,0,1738179504277,134,0.0
1738179504,155.374,155.384,0.0,0,1738179504281,134,0.0
1738179504,155.371,155.38,0.0,0,1738179504481,134,0.0
1738179504,155.368,155.378,0.0,0,1738179504589,134,0.0
1738179504,155.366,155.376,0.0,0,1738179504775,134,0.0
1738179504,155.37,155.379,0.0,0,1738179504989,134,0.0
1738179505,155.372,155.382,0.0,0,1738179505010,134,0.0
1738179505,155.374,155.383,0.0,0,1738179505324,134,0.0
1738179505,155.375,155.385,0.0,0,1738179505352,134,0.0
1738179505,155.377,155.387,0.0,0,1738179505377,134,0.0
1738179505,155.379,155.389,0.0,0,1738179505521,134,0.0
1738179505,155.381,155.391,0.0,0,1738179505556,134,0.0
1738179505,155.383,155.392,0.0,0,1738179505592,134,0.0
1738179505,155.384,155.394,0.0,0,1738179505691,134,0.0
1738179505,155.386,155.396,0.0,0,1738179505706,134,0.0
1738179505,155.382,155.392,0.0,0,1738179505769,134,0.0
1738179505,155.379,155.389,0.0,0,1738179505816,134,0.0
1738179505,155.377,155.387,0.0,0,1738179505906,134,0.0
1738179505,155.376,155.385,0.0,0,1738179505910,134,0.0
1738179505,155.374,155.383,0.0,0,1738179505912,134,0.0
1738179505,155.372,155.382,0.0,0,1738179505916,134,0.0
1738179505,155.37,155.38,0.0,0,1738179505944,134,0.0
1738179505,155.369,155.379,0.0,0,1738179505998,134,0.0
1738179506,155.368,155.377,0.0,0,1738179506060,134,0.0
1738179506,155.366,155.376,0.0,0,1738179506436,134,0.0
1738179506,155.364,155.374,0.0,0,1738179506458,134,0.0
1738179506,155.363,155.372,0.0,0,1738179506468,134,0.0
1738179506,155.36,155.37,0.0,0,1738179506477,134,0.0
1738179506,155.359,155.368,0.0,0,1738179506526,134,0.0
1738179506,155.362,155.372,0.0,0,1738179506637,134,0.0
1738179506,155.364,155.374,0.0,0,1738179506654,134,0.0
1738179506,155.361,155.37,0.0,0,1738179506664,134,0.0
1738179506,155.359,155.369,0.0,0,1738179506681,134,0.0
1738179506,155.362,155.372,0.0,0,1738179506760,134,0.0
1738179506,155.364,155.374,0.0,0,1738179506907,134,0.0
1738179507,155.361,155.371,0.0,0,1738179507511,134,0.0
1738179507,155.359,155.369,0.0,0,1738179507568,134,0.0
1738179507,155.357,155.367,0.0,0,1738179507644,134,0.0
1738179507,155.355,155.365,0.0,0,1738179507648,134,0.0
1738179507,155.354,155.364,0.0,0,1738179507652,134,0.0
1738179507,155.352,155.361,0.0,0,1738179507666,134,0.0
1738179507,155.355,155.365,0.0,0,1738179507700,134,0.0
1738179507,155.358,155.367,0.0,0,1738179507750,134,0.0
1738179507,155.359,155.369,0.0,0,1738179507776,134,0.0
1738179508,155.361,155.371,0.0,0,1738179508007,134,0.0
1738179508,155.363,155.372,0.0,0,1738179508296,134,0.0
1738179508,155.364,155.374,0.0,0,1738179508333,134,0.0
1738179508,155.366,155.376,0.0,0,1738179508583,134,0.0
1738179508,155.367,155.377,0.0,0,1738179508588,134,0.0
1738179508,155.369,155.379,0.0,0,1738179508600,134,0.0
1738179508,155.371,155.38,0.0,0,1738179508623,134,0.0
1738179508,155.372,155.382,0.0,0,1738179508670,134,0.0
1738179508,155.374,155.384,0.0,0,1738179508737,134,0.0
1738179509,155.37,155.38,0.0,0,1738179509145,134,0.0
1738179509,155.368,155.378,0.0,0,1738179509156,134,0.0
1738179509,155.366,155.376,0.0,0,1738179509463,134,0.0
1738179509,155.365,155.374,0.0,0,1738179509470,134,0.0
1738179509,155.363,155.373,0.0,0,1738179509486,134,0.0
1738179509,155.361,155.371,0.0,0,1738179509560,134,0.0
1738179509,155.359,155.369,0.0,0,1738179509575,134,0.0
1738179509,155.358,155.368,0.0,0,1738179509599,134,0.0
1738179509,155.356,155.366,0.0,0,1738179509698,134,0.0
1738179509,155.355,155.365,0.0,0,1738179509712,134,0.0
1738179509,155.358,155.368,0.0,0,1738179509991,134,0.0
1738179510,155.36,155.37,0.0,0,1738179510074,134,0.0
1738179510,155.362,155.372,0.0,0,1738179510220,134,0.0
1738179510,155.364,155.374,0.0,0,1738179510346,134,0.0
1738179510,155.366,155.376,0.0,0,1738179510382,134,0.0
1738179510,155.368,155.378,0.0,0,1738179510407,134,0.0
1738179510,155.369,155.379,0.0,0,1738179510424,134,0.0
1738179510,155.371,155.381,0.0,0,1738179510490,134,0.0
1738179510,155.373,155.382,0.0,0,1738179510573,134,0.0
1738179511,155.374,155.384,0.0,0,1738179511005,134,0.0
1738179511,155.376,155.386,0.0,0,1738179511088,134,0.0
1738179511,155.377,155.387,0.0,0,1738179511120,134,0.0
1738179511,155.374,155.383,0.0,0,1738179511154,134,0.0
1738179511,155.371,155.381,0.0,0,1738179511172,134,0.0
1738179511,155.37,155.379,0.0,0,1738179511211,134,0.0
1738179511,155.368,155.377,0.0,0,1738179511276,134,0.0
1738179511,155.366,155.376,0.0,0,1738179511401,134,0.0
1738179511,155.364,155.374,0.0,0,1738179511672,134,0.0
1738179511,155.368,155.378,0.0,0,1738179511699,134,0.0
1738179511,155.371,155.38,0.0,0,1738179511724,134,0.0
1738179511,155.372,155.382,0.0,0,1738179511754,134,0.0
1738179511,155.369,155.379,0.0,0,1738179511826,134,0.0
1738179512,155.372,155.382,0.0,0,1738179512008,134,0.0
1738179512,155.374,155.384,0.0,0,1738179512416,134,0.0
1738179512,155.371,155.381,0.0,0,1738179512579,134,0.0
1738179512,155.368,155.378,0.0,0,1738179512907,134,0.0
