time,bid,ask,last,volume,time_msc,flags,volume_real
1717058501,1.07901,1.07903,0.0,0,1717058501519,134,0.0
1717058501,1.079,1.07902,0.0,0,1717058501570,134,0.0
1717058501,1.0789900000000001,1.07901,0.0,0,1717058501862,134,0.0
1717058502,1.079,1.07902,0.0,0,1717058502804,134,0.0
1717058503,1.0789900000000001,1.07901,0.0,0,1717058503734,134,0.0
1717058504,1.079,1.07902,0.0,0,1717058504580,134,0.0
1717058506,1.07901,1.07903,0.0,0,1717058506308,134,0.0
1717058507,1.079,1.07902,0.0,0,1717058507285,134,0.0
1717058507,1.07901,1.07903,0.0,0,1717058507544,134,0.0
1717058507,1.079,1.07902,0.0,0,1717058507788,134,0.0
1717058510,1.07901,1.07903,0.0,0,1717058510556,134,0.0
1717058512,1.07902,1.07904,0.0,0,1717058512252,134,0.0
1717058513,1.07901,1.07904,0.0,0,1717058513817,130,0.0
1717058514,1.07902,1.07904,0.0,0,1717058514415,130,0.0
1717058518,1.07901,1.07903,0.0,0,1717058518507,134,0.0
1717058518,1.07898,1.079,0.0,0,1717058518684,134,0.0
1717058519,1.07897,1.0789900000000001,0.0,0,1717058519033,134,0.0
1717058520,1.07897,1.079,0.0,0,1717058520932,134,0.0
1717058525,1.07896,1.079,0.0,0,1717058525096,130,0.0
1717058525,1.07897,1.079,0.0,0,1717058525302,130,0.0
1717058525,1.07897,1.07901,0.0,0,1717058525302,4,0.0
1717058525,1.07897,1.079,0.0,0,1717058525819,4,0.0
1717058526,1.07897,1.07901,0.0,0,1717058526350,4,0.0
1717058526,1.07897,1.079,0.0,0,1717058526780,4,0.0
1717058526,1.07897,1.07901,0.0,0,1717058526976,4,0.0
1717058530,1.07897,1.079,0.0,0,1717058530082,4,0.0
1717058530,1.07897,1.0789900000000001,0.0,0,1717058530456,4,0.0
1717058531,1.07896,1.0789900000000001,0.0,0,1717058531333,130,0.0
1717058531,1.07897,1.0789900000000001,0.0,0,1717058531556,130,0.0
1717058532,1.07896,1.07898,0.0,0,1717058532966,134,0.0
1717058533,1.07894,1.07897,0.0,0,1717058533234,134,0.0
1717058534,1.07895,1.07897,0.0,0,1717058534421,130,0.0
1717058537,1.07896,1.07898,0.0,0,1717058537503,134,0.0
1717058537,1.07895,1.07897,0.0,0,1717058537821,134,0.0
1717058538,1.07896,1.07898,0.0,0,1717058538740,134,0.0
1717058539,1.07895,1.07897,0.0,0,1717058539152,134,0.0
1717058548,1.07894,1.07896,0.0,0,1717058548050,134,0.0
1717058554,1.07893,1.07895,0.0,0,1717058554541,134,0.0
1717058554,1.07891,1.07893,0.0,0,1717058554679,134,0.0
1717058554,1.07892,1.07894,0.0,0,1717058554730,134,0.0
1717058555,1.07891,1.07894,0.0,0,1717058555639,130,0.0
1717058555,1.07891,1.07895,0.0,0,1717058555722,4,0.0
1717058556,1.07891,1.07893,0.0,0,1717058556835,4,0.0
1717058557,1.07891,1.07894,0.0,0,1717058557028,4,0.0
1717058557,1.07891,1.07893,0.0,0,1717058557830,4,0.0
1717058558,1.07891,1.07894,0.0,0,1717058558041,4,0.0
1717058558,1.07891,1.07893,0.0,0,1717058558866,4,0.0
1717058559,1.07892,1.07894,0.0,0,1717058559044,134,0.0
1717058559,1.07891,1.07893,0.0,0,1717058559527,134,0.0
1717058559,1.07892,1.07894,0.0,0,1717058559953,134,0.0
1717058560,1.07895,1.07897,0.0,0,1717058560253,134,0.0
1717058560,1.07896,1.07898,0.0,0,1717058560315,134,0.0
1717058561,1.07895,1.07898,0.0,0,1717058561245,130,0.0
1717058563,1.07894,1.07898,0.0,0,1717058563232,130,0.0
1717058563,1.07894,1.07897,0.0,0,1717058563300,4,0.0
1717058563,1.07893,1.07897,0.0,0,1717058563553,130,0.0
1717058563,1.07894,1.07897,0.0,0,1717058563665,130,0.0
1717058563,1.07893,1.07897,0.0,0,1717058563903,130,0.0
1717058564,1.07894,1.07897,0.0,0,1717058564655,130,0.0
1717058565,1.07893,1.07897,0.0,0,1717058565418,130,0.0
1717058565,1.07893,1.07896,0.0,0,1717058565678,4,0.0
1717058565,1.07892,1.07896,0.0,0,1717058565870,130,0.0
1717058566,1.07893,1.07896,0.0,0,1717058566208,130,0.0
1717058566,1.07892,1.07896,0.0,0,1717058566917,130,0.0
1717058567,1.07893,1.07897,0.0,0,1717058567199,134,0.0
1717058567,1.07893,1.07896,0.0,0,1717058567418,4,0.0
1717058567,1.07892,1.07896,0.0,0,1717058567949,130,0.0
1717058568,1.07893,1.07897,0.0,0,1717058568196,134,0.0
1717058569,1.07894,1.07897,0.0,0,1717058569684,130,0.0
1717058569,1.07894,1.07898,0.0,0,1717058569834,4,0.0
1717058571,1.07895,1.07898,0.0,0,1717058571101,130,0.0
1717058571,1.07896,1.0789900000000001,0.0,0,1717058571256,134,0.0
1717058571,1.07895,1.0789900000000001,0.0,0,1717058571665,130,0.0
1717058572,1.07896,1.0789900000000001,0.0,0,1717058572379,130,0.0
1717058572,1.07896,1.07898,0.0,0,1717058572803,4,0.0
1717058572,1.07896,1.0789900000000001,0.0,0,1717058572814,4,0.0
1717058574,1.07896,1.07898,0.0,0,1717058574974,4,0.0
1717058577,1.07898,1.079,0.0,0,1717058577422,134,0.0
1717058577,1.0789900000000001,1.07901,0.0,0,1717058577845,134,0.0
1717058578,1.07898,1.07902,0.0,0,1717058578194,134,0.0
1717058578,1.0789900000000001,1.07902,0.0,0,1717058578452,130,0.0
1717058578,1.0789900000000001,1.07903,0.0,0,1717058578761,4,0.0
1717058580,1.0789900000000001,1.07902,0.0,0,1717058580399,134,0.0
1717058580,1.0789900000000001,1.07903,0.0,0,1717058580881,4,0.0
1717058581,1.0789900000000001,1.07902,0.0,0,1717058581065,4,0.0
1717058581,1.0789900000000001,1.07903,0.0,0,1717058581247,4,0.0
1717058585,1.0789900000000001,1.07902,0.0,0,1717058585576,4,0.0
1717058586,1.0789900000000001,1.07901,0.0,0,1717058586166,4,0.0
1717058590,1.079,1.07902,0.0,0,1717058590890,134,0.0
1717058597,1.0789900000000001,1.07901,0.0,0,1717058597560,134,0.0
1717058600,1.079,1.07902,0.0,0,1717058600032,134,0.0
1717058600,1.0789900000000001,1.07901,0.0,0,1717058600987,134,0.0
1717058604,1.07898,1.079,0.0,0,1717058604365,134,0.0
1717058604,1.07897,1.0789900000000001,0.0,0,1717058604535,134,0.0
1717058606,1.07897,1.079,0.0,0,1717058606179,4,0.0
1717058606,1.07898,1.07901,0.0,0,1717058606461,134,0.0
1717058606,1.07898,1.07902,0.0,0,1717058606479,4,0.0
1717058607,1.07898,1.07901,0.0,0,1717058607265,4,0.0
1717058607,1.07897,1.07901,0.0,0,1717058607454,130,0.0
1717058609,1.0789900000000001,1.07901,0.0,0,1717058609517,130,0.0
1717058609,1.0789900000000001,1.07902,0.0,0,1717058609881,4,0.0
1717058610,1.079,1.07902,0.0,0,1717058610113,130,0.0
1717058611,1.07898,1.07902,0.0,0,1717058611711,130,0.0
1717058615,1.0789900000000001,1.07902,0.0,0,1717058615750,130,0.0
1717058616,1.079,1.07902,0.0,0,1717058616033,130,0.0
1717058619,1.0789900000000001,1.07901,0.0,0,1717058619681,134,0.0
1717058620,1.079,1.07902,0.0,0,1717058620041,134,0.0
1717058621,1.0789900000000001,1.07901,0.0,0,1717058621032,134,0.0
1717058621,1.079,1.07902,0.0,0,1717058621299,134,0.0
1717058621,1.0789900000000001,1.07901,0.0,0,1717058621649,134,0.0
1717058622,1.079,1.07902,0.0,0,1717058622696,134,0.0
1717058633,1.07901,1.07903,0.0,0,1717058633476,134,0.0
1717058637,1.079,1.07902,0.0,0,1717058637958,134,0.0
1717058638,1.07901,1.07903,0.0,0,1717058638160,134,0.0
1717058638,1.079,1.07902,0.0,0,1717058638841,134,0.0
1717058640,1.0789900000000001,1.07901,0.0,0,1717058640034,134,0.0
1717058640,1.079,1.07902,0.0,0,1717058640821,134,0.0
1717058641,1.0789900000000001,1.07901,0.0,0,1717058641163,134,0.0
1717058641,1.079,1.07902,0.0,0,1717058641618,134,0.0
1717058641,1.07901,1.07903,0.0,0,1717058641985,134,0.0
1717058642,1.07902,1.07904,0.0,0,1717058642124,134,0.0
1717058642,1.07901,1.07905,0.0,0,1717058642529,134,0.0
1717058642,1.07902,1.07905,0.0,0,1717058642751,130,0.0
1717058642,1.07903,1.07906,0.0,0,1717058642836,134,0.0
1717058643,1.07903,1.07907,0.0,0,1717058643821,4,0.0
1717058644,1.07904,1.07907,0.0,0,1717058644087,130,0.0
1717058645,1.07903,1.07906,0.0,0,1717058645818,134,0.0
1717058646,1.07902,1.07905,0.0,0,1717058646264,134,0.0
1717058646,1.079,1.07903,0.0,0,1717058646412,134,0.0
1717058646,1.079,1.07904,0.0,0,1717058646476,4,0.0
1717058646,1.07901,1.07905,0.0,0,1717058646818,134,0.0
1717058647,1.07901,1.07904,0.0,0,1717058647045,4,0.0
1717058647,1.07901,1.07905,0.0,0,1717058647165,4,0.0
1717058647,1.079,1.07904,0.0,0,1717058647656,134,0.0
1717058647,1.079,1.07903,0.0,0,1717058647830,4,0.0
1717058648,1.079,1.07904,0.0,0,1717058648416,4,0.0
1717058649,1.07901,1.07904,0.0,0,1717058649779,130,0.0
1717058650,1.07901,1.07905,0.0,0,1717058650021,4,0.0
1717058650,1.07901,1.07904,0.0,0,1717058650088,4,0.0
1717058650,1.079,1.07904,0.0,0,1717058650360,130,0.0
1717058651,1.07901,1.07904,0.0,0,1717058651041,130,0.0
1717058651,1.07902,1.07906,0.0,0,1717058651348,134,0.0
1717058652,1.07902,1.07905,0.0,0,1717058652731,4,0.0
1717058653,1.079,1.07903,0.0,0,1717058653002,134,0.0
1717058653,1.0789900000000001,1.07903,0.0,0,1717058653634,130,0.0
1717058653,1.079,1.07903,0.0,0,1717058653839,130,0.0
1717058655,1.0789900000000001,1.07903,0.0,0,1717058655117,130,0.0
1717058657,1.079,1.07903,0.0,0,1717058657061,130,0.0
1717058658,1.079,1.07904,0.0,0,1717058658815,4,0.0
1717058662,1.07902,1.07904,0.0,0,1717058662473,130,0.0
1717058662,1.07903,1.07905,0.0,0,1717058662913,134,0.0
1717058663,1.07905,1.07907,0.0,0,1717058663291,134,0.0
1717058664,1.07903,1.07907,0.0,0,1717058664595,130,0.0
1717058664,1.07903,1.07906,0.0,0,1717058664891,4,0.0
1717058664,1.07902,1.07906,0.0,0,1717058664958,130,0.0
1717058672,1.07903,1.07906,0.0,0,1717058672201,130,0.0
1717058672,1.07902,1.07905,0.0,0,1717058672901,134,0.0
1717058673,1.07903,1.07905,0.0,0,1717058673131,130,0.0
1717058680,1.07902,1.07904,0.0,0,1717058680393,134,0.0
1717058682,1.07901,1.07903,0.0,0,1717058682495,134,0.0
1717058682,1.07902,1.07904,0.0,0,1717058682716,134,0.0
1717058682,1.07901,1.07903,0.0,0,1717058682763,134,0.0
1717058683,1.07902,1.07904,0.0,0,1717058683033,134,0.0
1717058683,1.07901,1.07903,0.0,0,1717058683349,134,0.0
1717058686,1.07902,1.07904,0.0,0,1717058686196,134,0.0
1717058687,1.07901,1.07903,0.0,0,1717058687050,134,0.0
1717058688,1.079,1.07902,0.0,0,1717058688186,134,0.0
1717058688,1.0789900000000001,1.07901,0.0,0,1717058688306,134,0.0
1717058691,1.079,1.07902,0.0,0,1717058691633,134,0.0
1717058694,1.0789900000000001,1.07902,0.0,0,1717058694006,130,0.0
1717058694,1.079,1.07902,0.0,0,1717058694248,130,0.0
1717058696,1.0789900000000001,1.07901,0.0,0,1717058696887,134,0.0
1717058699,1.079,1.07902,0.0,0,1717058699049,134,0.0
1717058701,1.0789900000000001,1.07901,0.0,0,1717058701569,134,0.0
1717058703,1.079,1.07902,0.0,0,1717058703204,134,0.0
1717058703,1.07902,1.07904,0.0,0,1717058703477,134,0.0
1717058708,1.079,1.07903,0.0,0,1717058708850,134,0.0
1717058709,1.07901,1.07903,0.0,0,1717058709102,130,0.0
1717058709,1.07901,1.07904,0.0,0,1717058709261,4,0.0
1717058709,1.079,1.07903,0.0,0,1717058709442,134,0.0
1717058709,1.07901,1.07904,0.0,0,1717058709493,134,0.0
1717058713,1.07901,1.07903,0.0,0,1717058713122,4,0.0
1717058713,1.079,1.07902,0.0,0,1717058713376,134,0.0
1717058713,1.07901,1.07903,0.0,0,1717058713515,134,0.0
1717058715,1.079,1.07902,0.0,0,1717058715180,134,0.0
1717058715,1.07901,1.07903,0.0,0,1717058715357,134,0.0
1717058715,1.079,1.07902,0.0,0,1717058715767,134,0.0
1717058715,1.07896,1.07898,0.0,0,1717058715767,134,0.0
1717058717,1.07895,1.07898,0.0,0,1717058717594,130,0.0
1717058718,1.07894,1.07898,0.0,0,1717058718018,130,0.0
1717058718,1.07895,1.07898,0.0,0,1717058718069,130,0.0
1717058718,1.07895,1.0789900000000001,0.0,0,1717058718948,4,0.0
1717058719,1.07895,1.07898,0.0,0,1717058719796,4,0.0
1717058719,1.07895,1.0789900000000001,0.0,0,1717058719981,4,0.0
1717058720,1.07896,1.0789900000000001,0.0,0,1717058720994,130,0.0
1717058721,1.07896,1.079,0.0,0,1717058721319,4,0.0
1717058721,1.07897,1.079,0.0,0,1717058721432,130,0.0
1717058723,1.0789900000000001,1.07902,0.0,0,1717058723407,134,0.0
1717058724,1.079,1.07903,0.0,0,1717058724734,134,0.0
1717058725,1.0789900000000001,1.07903,0.0,0,1717058725401,130,0.0
1717058725,1.079,1.07903,0.0,0,1717058725597,130,0.0
1717058728,1.0789900000000001,1.07903,0.0,0,1717058728084,130,0.0
1717058728,1.079,1.07903,0.0,0,1717058728240,130,0.0
1717058729,1.079,1.07902,0.0,0,1717058729191,4,0.0
1717058730,1.079,1.07903,0.0,0,1717058730164,4,0.0
1717058730,1.079,1.07902,0.0,0,1717058730285,4,0.0
1717058733,1.0789900000000001,1.07901,0.0,0,1717058733282,134,0.0
1717058733,1.079,1.07902,0.0,0,1717058733565,134,0.0
1717058733,1.0789900000000001,1.07901,0.0,0,1717058733854,134,0.0
1717058734,1.079,1.07902,0.0,0,1717058734633,134,0.0
1717058737,1.0789900000000001,1.07901,0.0,0,1717058737015,134,0.0
1717058738,1.079,1.07902,0.0,0,1717058738682,134,0.0
1717058738,1.0789900000000001,1.07901,0.0,0,1717058738865,134,0.0
1717058739,1.07898,1.079,0.0,0,1717058739108,134,0.0
1717058739,1.0789900000000001,1.07901,0.0,0,1717058739950,134,0.0
1717058744,1.079,1.07902,0.0,0,1717058744504,134,0.0
1717058744,1.07901,1.07903,0.0,0,1717058744758,134,0.0
1717058750,1.079,1.07902,0.0,0,1717058750499,134,0.0
1717058760,1.0789900000000001,1.07901,0.0,0,1717058760113,134,0.0
1717058761,1.079,1.07902,0.0,0,1717058761229,134,0.0
1717058762,1.0789900000000001,1.07901,0.0,0,1717058762077,134,0.0
1717058762,1.079,1.07902,0.0,0,1717058762572,134,0.0
1717058762,1.0789900000000001,1.07901,0.0,0,1717058762934,134,0.0
1717058763,1.07897,1.0789900000000001,0.0,0,1717058763212,134,0.0
1717058763,1.07896,1.07898,0.0,0,1717058763613,134,0.0
1717058764,1.07895,1.07897,0.0,0,1717058764202,134,0.0
1717058765,1.07896,1.0789900000000001,0.0,0,1717058765525,134,0.0
1717058765,1.07898,1.07901,0.0,0,1717058765986,134,0.0
1717058766,1.07898,1.07902,0.0,0,1717058766009,4,0.0
1717058766,1.07898,1.07901,0.0,0,1717058766203,4,0.0
1717058767,1.07897,1.079,0.0,0,1717058767272,134,0.0
1717058767,1.07896,1.0789900000000001,0.0,0,1717058767272,134,0.0
1717058767,1.07895,1.0789900000000001,0.0,0,1717058767793,130,0.0
1717058768,1.07896,1.0789900000000001,0.0,0,1717058768517,130,0.0
1717058768,1.07896,1.079,0.0,0,1717058768889,4,0.0
1717058769,1.07896,1.0789900000000001,0.0,0,1717058769165,4,0.0
1717058769,1.07895,1.0789900000000001,0.0,0,1717058769197,130,0.0
1717058771,1.07895,1.07898,0.0,0,1717058771798,4,0.0
1717058772,1.07895,1.0789900000000001,0.0,0,1717058772134,4,0.0
1717058775,1.07896,1.0789900000000001,0.0,0,1717058775808,130,0.0
1717058776,1.07896,1.07898,0.0,0,1717058776179,4,0.0
1717058779,1.07897,1.0789900000000001,0.0,0,1717058779097,134,0.0
1717058783,1.07896,1.07898,0.0,0,1717058783800,134,0.0
1717058785,1.07897,1.0789900000000001,0.0,0,1717058785899,134,0.0
1717058786,1.07896,1.07898,0.0,0,1717058786332,134,0.0
1717058792,1.07897,1.0789900000000001,0.0,0,1717058792346,134,0.0
1717058796,1.07896,1.07898,0.0,0,1717058796221,134,0.0
1717058797,1.07895,1.07897,0.0,0,1717058797164,134,0.0
1717058797,1.07894,1.07896,0.0,0,1717058797328,134,0.0
1717058798,1.07892,1.07895,0.0,0,1717058798286,134,0.0
1717058798,1.07893,1.07896,0.0,0,1717058798574,134,0.0
1717058798,1.07893,1.07897,0.0,0,1717058798863,4,0.0
1717058799,1.07893,1.07896,0.0,0,1717058799335,4,0.0
1717058799,1.07892,1.07896,0.0,0,1717058799873,130,0.0
1717058800,1.07892,1.07895,0.0,0,1717058800261,4,0.0
1717058800,1.0789,1.07893,0.0,0,1717058800504,134,0.0
1717058800,1.0789,1.07894,0.0,0,1717058800570,4,0.0
1717058800,1.0789,1.07893,0.0,0,1717058800846,4,0.0
1717058801,1.0789,1.07894,0.0,0,1717058801749,4,0.0
1717058805,1.07891,1.07895,0.0,0,1717058805116,134,0.0
1717058805,1.07891,1.07894,0.0,0,1717058805700,4,0.0
1717058805,1.07893,1.07896,0.0,0,1717058805802,134,0.0
1717058806,1.07893,1.07897,0.0,0,1717058806276,4,0.0
1717058806,1.07893,1.07896,0.0,0,1717058806762,4,0.0
1717058813,1.07893,1.07895,0.0,0,1717058813516,4,0.0
1717058813,1.0789,1.07892,0.0,0,1717058813761,134,0.0
1717058813,1.07892,1.07894,0.0,0,1717058813761,134,0.0
1717058814,1.0789,1.07893,0.0,0,1717058814847,134,0.0
1717058815,1.07891,1.07894,0.0,0,1717058815029,134,0.0
1717058815,1.0789,1.07893,0.0,0,1717058815860,134,0.0
1717058816,1.07891,1.07894,0.0,0,1717058816048,134,0.0
1717058822,1.07891,1.07893,0.0,0,1717058822745,134,0.0
1717058822,1.07889,1.07891,0.0,0,1717058822940,134,0.0
1717058823,1.07886,1.0789,0.0,0,1717058823257,134,0.0
1717058825,1.07886,1.07889,0.0,0,1717058825060,4,0.0
1717058826,1.07885,1.07889,0.0,0,1717058826243,130,0.0
1717058827,1.07886,1.07889,0.0,0,1717058827578,130,0.0
1717058827,1.07885,1.07889,0.0,0,1717058827892,130,0.0
1717058829,1.07887,1.07889,0.0,0,1717058829832,130,0.0
1717058834,1.07886,1.07888,0.0,0,1717058834584,134,0.0
1717058834,1.07885,1.07887,0.0,0,1717058834850,134,0.0
1717058835,1.07884,1.07887,0.0,0,1717058835728,130,0.0
1717058836,1.07885,1.07887,0.0,0,1717058836407,130,0.0
1717058836,1.07885,1.07888,0.0,0,1717058836800,4,0.0
1717058837,1.07884,1.07888,0.0,0,1717058837536,130,0.0
1717058839,1.07886,1.07888,0.0,0,1717058839031,130,0.0
1717058839,1.07885,1.07887,0.0,0,1717058839447,134,0.0
1717058840,1.07886,1.07888,0.0,0,1717058840759,134,0.0
1717058845,1.07887,1.07889,0.0,0,1717058845385,134,0.0
1717058845,1.07888,1.0789,0.0,0,1717058845722,134,0.0
1717058846,1.07889,1.07891,0.0,0,1717058846034,134,0.0
1717058850,1.07888,1.07891,0.0,0,1717058850524,130,0.0
1717058850,1.07889,1.07892,0.0,0,1717058850661,134,0.0
1717058850,1.07888,1.07892,0.0,0,1717058850729,130,0.0
1717058853,1.07889,1.07891,0.0,0,1717058853747,134,0.0
1717058853,1.07888,1.0789,0.0,0,1717058853959,134,0.0
1717058854,1.07889,1.07891,0.0,0,1717058854007,134,0.0
1717058865,1.0789,1.07892,0.0,0,1717058865887,134,0.0
1717058866,1.07889,1.07891,0.0,0,1717058866181,134,0.0
1717058866,1.0789,1.07892,0.0,0,1717058866917,134,0.0
1717058867,1.07889,1.07891,0.0,0,1717058867534,134,0.0
1717058867,1.0789,1.07892,0.0,0,1717058867818,134,0.0
1717058871,1.07891,1.07893,0.0,0,1717058871357,134,0.0
1717058871,1.0789,1.07892,0.0,0,1717058871919,134,0.0
1717058874,1.07891,1.07893,0.0,0,1717058874645,134,0.0
1717058874,1.07892,1.07894,0.0,0,1717058874764,134,0.0
1717058875,1.07891,1.07893,0.0,0,1717058875098,134,0.0
1717058875,1.07892,1.07894,0.0,0,1717058875413,134,0.0
1717058877,1.0789,1.07892,0.0,0,1717058877450,134,0.0
1717058877,1.07892,1.07894,0.0,0,1717058877708,134,0.0
1717058882,1.07891,1.07893,0.0,0,1717058882644,134,0.0
1717058883,1.07892,1.07894,0.0,0,1717058883001,134,0.0
1717058883,1.07891,1.07893,0.0,0,1717058883833,134,0.0
1717058884,1.07892,1.07894,0.0,0,1717058884461,134,0.0
1717058884,1.07891,1.07893,0.0,0,1717058884864,134,0.0
1717058886,1.07889,1.07891,0.0,0,1717058886255,134,0.0
1717058886,1.0789,1.07892,0.0,0,1717058886336,134,0.0
1717058890,1.07891,1.07893,0.0,0,1717058890279,134,0.0
1717058890,1.0789,1.07892,0.0,0,1717058890742,134,0.0
1717058896,1.07889,1.07891,0.0,0,1717058896060,134,0.0
1717058897,1.07888,1.07891,0.0,0,1717058897533,130,0.0
1717058898,1.07888,1.0789,0.0,0,1717058898765,4,0.0
1717058898,1.07888,1.07891,0.0,0,1717058898993,4,0.0
1717058899,1.07888,1.0789,0.0,0,1717058899172,4,0.0
1717058899,1.07889,1.07891,0.0,0,1717058899512,134,0.0
1717058906,1.0789,1.07892,0.0,0,1717058906653,134,0.0
1717058910,1.07889,1.07891,0.0,0,1717058910380,134,0.0
1717058912,1.0789,1.07892,0.0,0,1717058912960,134,0.0
1717058915,1.0789,1.07893,0.0,0,1717058915248,4,0.0
1717058915,1.07889,1.07891,0.0,0,1717058915380,134,0.0
1717058915,1.07888,1.0789,0.0,0,1717058915679,134,0.0
1717058926,1.07889,1.07891,0.0,0,1717058926565,134,0.0
1717058926,1.0789,1.07892,0.0,0,1717058926645,134,0.0
1717058927,1.0789,1.07893,0.0,0,1717058927203,4,0.0
1717058927,1.07889,1.07893,0.0,0,1717058927683,130,0.0
1717058927,1.0789,1.07893,0.0,0,1717058927920,130,0.0
1717058929,1.07889,1.07893,0.0,0,1717058929423,130,0.0
1717058929,1.07889,1.07892,0.0,0,1717058929616,4,0.0
1717058930,1.07888,1.07892,0.0,0,1717058930650,130,0.0
1717058934,1.07888,1.07891,0.0,0,1717058934383,4,0.0
1717058934,1.07888,1.07892,0.0,0,1717058934483,4,0.0
1717058934,1.07888,1.07891,0.0,0,1717058934567,4,0.0
1717058937,1.07889,1.07891,0.0,0,1717058937644,130,0.0
1717058939,1.07888,1.0789,0.0,0,1717058939663,134,0.0
1717058939,1.07885,1.07887,0.0,0,1717058939762,134,0.0
1717058941,1.07883,1.07887,0.0,0,1717058941587,130,0.0
1717058945,1.07884,1.07887,0.0,0,1717058945762,130,0.0
1717058946,1.07883,1.07887,0.0,0,1717058946121,130,0.0
1717058946,1.07884,1.07887,0.0,0,1717058946373,130,0.0
1717058946,1.07885,1.07889,0.0,0,1717058946406,134,0.0
1717058947,1.07886,1.07889,0.0,0,1717058947051,130,0.0
1717058947,1.07886,1.0789,0.0,0,1717058947418,4,0.0
1717058947,1.07887,1.0789,0.0,0,1717058947672,130,0.0
1717058951,1.07886,1.0789,0.0,0,1717058951242,130,0.0
1717058953,1.07886,1.07889,0.0,0,1717058953081,4,0.0
1717058953,1.07885,1.07888,0.0,0,1717058953315,134,0.0
1717058953,1.07884,1.07888,0.0,0,1717058953530,130,0.0
1717058953,1.07884,1.07887,0.0,0,1717058953646,4,0.0
1717058955,1.07884,1.07888,0.0,0,1717058955374,4,0.0
1717058955,1.07885,1.07888,0.0,0,1717058955929,130,0.0
1717058956,1.07883,1.07887,0.0,0,1717058956301,134,0.0
1717058956,1.07885,1.07888,0.0,0,1717058956598,134,0.0
1717058956,1.07885,1.07889,0.0,0,1717058956925,4,0.0
1717058957,1.07886,1.07889,0.0,0,1717058957512,130,0.0
1717058957,1.07884,1.07887,0.0,0,1717058957629,134,0.0
1717058958,1.07884,1.07888,0.0,0,1717058958801,4,0.0
1717058960,1.07885,1.07888,0.0,0,1717058960861,130,0.0
1717058962,1.07886,1.07888,0.0,0,1717058962470,130,0.0
1717058964,1.07886,1.07889,0.0,0,1717058964017,4,0.0
1717058964,1.07887,1.07889,0.0,0,1717058964179,130,0.0
1717058965,1.07886,1.07889,0.0,0,1717058965017,130,0.0
1717058965,1.07885,1.07887,0.0,0,1717058965352,134,0.0
1717058965,1.07884,1.07887,0.0,0,1717058965516,130,0.0
1717058965,1.07884,1.07886,0.0,0,1717058965829,4,0.0
1717058968,1.07884,1.07887,0.0,0,1717058968017,4,0.0
1717058968,1.07883,1.07887,0.0,0,1717058968158,130,0.0
1717058969,1.07884,1.07887,0.0,0,1717058969644,130,0.0
1717058970,1.07884,1.07888,0.0,0,1717058970276,4,0.0
1717058970,1.07884,1.07887,0.0,0,1717058970451,4,0.0
1717058975,1.07885,1.07887,0.0,0,1717058975242,130,0.0
1717058975,1.07886,1.07888,0.0,0,1717058975456,134,0.0
1717058977,1.07885,1.07887,0.0,0,1717058977280,134,0.0
1717058979,1.07884,1.07887,0.0,0,1717058979151,130,0.0
1717058980,1.07884,1.07886,0.0,0,1717058980354,4,0.0
1717058982,1.07883,1.07886,0.0,0,1717058982218,130,0.0
1717058984,1.07884,1.07886,0.0,0,1717058984030,130,0.0
1717058984,1.07885,1.07887,0.0,0,1717058984642,134,0.0
1717058984,1.07886,1.07888,0.0,0,1717058984997,134,0.0
1717058985,1.07885,1.07887,0.0,0,1717058985206,134,0.0
1717058986,1.07884,1.07887,0.0,0,1717058986065,130,0.0
1717058991,1.07884,1.07886,0.0,0,1717058991270,4,0.0
1717058994,1.07885,1.07887,0.0,0,1717058994818,134,0.0
1717058996,1.07884,1.07886,0.0,0,1717058996248,134,0.0
1717058997,1.07883,1.07885,0.0,0,1717058997282,134,0.0
1717058998,1.07884,1.07886,0.0,0,1717058998001,134,0.0
1717058998,1.07885,1.07887,0.0,0,1717058998837,134,0.0
1717058999,1.07884,1.07886,0.0,0,1717058999745,134,0.0
1717059000,1.07883,1.07885,0.0,0,1717059000164,134,0.0
1717059002,1.07883,1.07886,0.0,0,1717059002979,4,0.0
1717059003,1.07884,1.07886,0.0,0,1717059003663,130,0.0
1717059003,1.07884,1.07887,0.0,0,1717059003778,4,0.0
1717059004,1.07884,1.07886,0.0,0,1717059004069,4,0.0
1717059004,1.07884,1.07887,0.0,0,1717059004414,4,0.0
1717059004,1.07885,1.07887,0.0,0,1717059004540,130,0.0
1717059006,1.07884,1.07887,0.0,0,1717059006318,130,0.0
1717059007,1.07884,1.07886,0.0,0,1717059007134,4,0.0
1717059007,1.07883,1.07886,0.0,0,1717059007414,130,0.0
1717059008,1.07882,1.07886,0.0,0,1717059008680,130,0.0
1717059008,1.07883,1.07886,0.0,0,1717059008942,130,0.0
1717059009,1.07882,1.07886,0.0,0,1717059009573,130,0.0
1717059010,1.07883,1.07886,0.0,0,1717059010163,130,0.0
1717059010,1.07882,1.07886,0.0,0,1717059010839,130,0.0
1717059011,1.07883,1.07886,0.0,0,1717059011034,130,0.0
1717059011,1.07884,1.07886,0.0,0,1717059011662,130,0.0
1717059012,1.07885,1.07887,0.0,0,1717059012679,134,0.0
1717059013,1.07884,1.07886,0.0,0,1717059013117,134,0.0
1717059013,1.07885,1.07887,0.0,0,1717059013948,134,0.0
1717059020,1.07884,1.07886,0.0,0,1717059020806,134,0.0
1717059021,1.07885,1.07887,0.0,0,1717059021030,134,0.0
1717059021,1.07884,1.07886,0.0,0,1717059021652,134,0.0
1717059021,1.07885,1.07887,0.0,0,1717059021949,134,0.0
1717059025,1.07886,1.07888,0.0,0,1717059025779,134,0.0
1717059026,1.07885,1.07887,0.0,0,1717059026880,134,0.0
1717059029,1.07886,1.07888,0.0,0,1717059029800,134,0.0
1717059030,1.07891,1.07893,0.0,0,1717059030195,134,0.0
1717059030,1.0789,1.07892,0.0,0,1717059030251,134,0.0
1717059031,1.0789,1.07893,0.0,0,1717059031065,4,0.0
1717059031,1.07889,1.07893,0.0,0,1717059031197,130,0.0
1717059031,1.0789,1.07893,0.0,0,1717059031674,130,0.0
1717059032,1.07889,1.07893,0.0,0,1717059032615,130,0.0
1717059034,1.0789,1.07893,0.0,0,1717059034075,130,0.0
1717059034,1.07891,1.07895,0.0,0,1717059034183,134,0.0
1717059034,1.07891,1.07894,0.0,0,1717059034462,4,0.0
1717059036,1.07891,1.07895,0.0,0,1717059036013,4,0.0
1717059036,1.07892,1.07895,0.0,0,1717059036132,130,0.0
1717059036,1.07891,1.07895,0.0,0,1717059036407,130,0.0
1717059036,1.07891,1.07894,0.0,0,1717059036485,4,0.0
1717059037,1.07891,1.07895,0.0,0,1717059037337,4,0.0
1717059037,1.07892,1.07895,0.0,0,1717059037448,130,0.0
1717059038,1.07891,1.07895,0.0,0,1717059038480,130,0.0
1717059039,1.07891,1.07894,0.0,0,1717059039602,4,0.0
1717059039,1.07891,1.07895,0.0,0,1717059039760,4,0.0
1717059039,1.0789,1.07894,0.0,0,1717059039796,134,0.0
1717059041,1.0789,1.07893,0.0,0,1717059041065,4,0.0
1717059041,1.07888,1.07892,0.0,0,1717059041254,134,0.0
1717059041,1.07887,1.07891,0.0,0,1717059041417,134,0.0
1717059041,1.07887,1.0789,0.0,0,1717059041501,4,0.0
1717059041,1.07886,1.0789,0.0,0,1717059041829,130,0.0
1717059042,1.07886,1.07889,0.0,0,1717059042059,4,0.0
1717059047,1.07886,1.0789,0.0,0,1717059047660,4,0.0
1717059048,1.07887,1.07891,0.0,0,1717059048154,134,0.0
1717059048,1.07889,1.07893,0.0,0,1717059048328,134,0.0
1717059049,1.0789,1.07893,0.0,0,1717059049447,130,0.0
1717059056,1.07891,1.07893,0.0,0,1717059056596,130,0.0
1717059056,1.07891,1.07894,0.0,0,1717059056904,4,0.0
1717059057,1.07892,1.07894,0.0,0,1717059057218,130,0.0
1717059057,1.07891,1.07894,0.0,0,1717059057253,130,0.0
1717059058,1.07892,1.07894,0.0,0,1717059058448,130,0.0
1717059058,1.07893,1.07895,0.0,0,1717059058615,134,0.0
1717059058,1.07892,1.07894,0.0,0,1717059058888,134,0.0
1717059059,1.07893,1.07895,0.0,0,1717059059649,134,0.0
1717059059,1.07892,1.07894,0.0,0,1717059059948,134,0.0
1717059060,1.07893,1.07895,0.0,0,1717059060063,134,0.0
1717059060,1.07892,1.07894,0.0,0,1717059060206,134,0.0
1717059060,1.07891,1.07893,0.0,0,1717059060255,134,0.0
1717059060,1.07892,1.07894,0.0,0,1717059060534,134,0.0
1717059060,1.07891,1.07893,0.0,0,1717059060911,134,0.0
1717059061,1.07892,1.07894,0.0,0,1717059061198,134,0.0
1717059062,1.07891,1.07893,0.0,0,1717059062244,134,0.0
1717059062,1.0789,1.07892,0.0,0,1717059062853,134,0.0
1717059063,1.07891,1.07893,0.0,0,1717059063179,134,0.0
1717059063,1.0789,1.07892,0.0,0,1717059063249,134,0.0
1717059063,1.07889,1.07891,0.0,0,1717059063525,134,0.0
1717059064,1.07888,1.07891,0.0,0,1717059064696,130,0.0
1717059064,1.07889,1.07891,0.0,0,1717059064836,130,0.0
1717059064,1.07889,1.07892,0.0,0,1717059064978,4,0.0
1717059065,1.0789,1.07892,0.0,0,1717059065181,130,0.0
1717059069,1.07891,1.07893,0.0,0,1717059069284,134,0.0
1717059069,1.07892,1.07894,0.0,0,1717059069468,134,0.0
1717059070,1.07891,1.07894,0.0,0,1717059070163,130,0.0
1717059071,1.07892,1.07894,0.0,0,1717059071291,130,0.0
1717059071,1.0789,1.07893,0.0,0,1717059071447,134,0.0
1717059071,1.07891,1.07893,0.0,0,1717059071912,130,0.0
1717059072,1.07894,1.07896,0.0,0,1717059072163,134,0.0
1717059072,1.07894,1.07897,0.0,0,1717059072704,4,0.0
1717059075,1.07894,1.07898,0.0,0,1717059075981,4,0.0
1717059076,1.07894,1.07897,0.0,0,1717059076095,4,0.0
1717059076,1.07893,1.07897,0.0,0,1717059076781,130,0.0
1717059077,1.07893,1.07896,0.0,0,1717059077058,4,0.0
1717059077,1.07893,1.07897,0.0,0,1717059077282,4,0.0
1717059077,1.07894,1.07897,0.0,0,1717059077783,130,0.0
1717059078,1.07894,1.07898,0.0,0,1717059078045,4,0.0
1717059078,1.07894,1.07897,0.0,0,1717059078046,4,0.0
1717059078,1.07894,1.07898,0.0,0,1717059078800,4,0.0
1717059079,1.07897,1.07901,0.0,0,1717059079032,134,0.0
1717059079,1.07898,1.07901,0.0,0,1717059079385,130,0.0
1717059080,1.07897,1.07901,0.0,0,1717059080473,130,0.0
1717059086,1.07898,1.07901,0.0,0,1717059086219,130,0.0
1717059086,1.079,1.07902,0.0,0,1717059086269,134,0.0
1717059086,1.0789900000000001,1.07902,0.0,0,1717059086282,130,0.0
1717059086,1.079,1.07903,0.0,0,1717059086601,134,0.0
1717059087,1.0789900000000001,1.07903,0.0,0,1717059087164,130,0.0
1717059087,1.0789900000000001,1.07902,0.0,0,1717059087321,4,0.0
1717059088,1.07898,1.07901,0.0,0,1717059088695,134,0.0
1717059088,1.07897,1.079,0.0,0,1717059088917,134,0.0
1717059091,1.07898,1.079,0.0,0,1717059091834,130,0.0
1717059091,1.0789900000000001,1.07902,0.0,0,1717059091903,134,0.0
1717059094,1.07898,1.07902,0.0,0,1717059094682,130,0.0
1717059094,1.07898,1.07901,0.0,0,1717059094879,4,0.0
1717059094,1.07897,1.079,0.0,0,1717059094927,134,0.0
1717059097,1.07897,1.07901,0.0,0,1717059097413,4,0.0
1717059097,1.07895,1.0789900000000001,0.0,0,1717059097546,134,0.0
1717059097,1.07894,1.07898,0.0,0,1717059097848,134,0.0
1717059098,1.07895,1.07898,0.0,0,1717059098379,130,0.0
1717059099,1.07894,1.07898,0.0,0,1717059099886,130,0.0
1717059100,1.07895,1.07898,0.0,0,1717059100149,130,0.0
1717059100,1.07894,1.07898,0.0,0,1717059100917,130,0.0
1717059103,1.07896,1.07898,0.0,0,1717059103463,130,0.0
1717059103,1.07895,1.07897,0.0,0,1717059103754,134,0.0
1717059104,1.07896,1.07898,0.0,0,1717059104159,134,0.0
1717059105,1.07895,1.07897,0.0,0,1717059105078,134,0.0
1717059105,1.07896,1.07898,0.0,0,1717059105415,134,0.0
1717059106,1.07895,1.07897,0.0,0,1717059106449,134,0.0
1717059110,1.07894,1.07896,0.0,0,1717059110054,134,0.0
1717059110,1.07895,1.07897,0.0,0,1717059110716,134,0.0
1717059115,1.07894,1.07896,0.0,0,1717059115974,134,0.0
1717059117,1.07895,1.07897,0.0,0,1717059117533,134,0.0
1717059118,1.07894,1.07897,0.0,0,1717059118192,130,0.0
1717059118,1.07895,1.07897,0.0,0,1717059118858,130,0.0
1717059120,1.07894,1.07896,0.0,0,1717059120363,134,0.0
1717059122,1.07895,1.07897,0.0,0,1717059122331,134,0.0
1717059122,1.07896,1.07898,0.0,0,1717059122582,134,0.0
1717059123,1.07895,1.07898,0.0,0,1717059123223,130,0.0
1717059124,1.07896,1.07898,0.0,0,1717059124691,130,0.0
1717059126,1.07895,1.07897,0.0,0,1717059126749,134,0.0
1717059127,1.07896,1.07898,0.0,0,1717059127876,134,0.0
1717059130,1.07895,1.07897,0.0,0,1717059130382,134,0.0
1717059133,1.07893,1.07895,0.0,0,1717059133729,134,0.0
1717059135,1.07893,1.07896,0.0,0,1717059135797,4,0.0
1717059136,1.07893,1.07897,0.0,0,1717059136514,4,0.0
1717059136,1.07893,1.07896,0.0,0,1717059136778,4,0.0
1717059140,1.07894,1.07896,0.0,0,1717059140150,130,0.0
1717059142,1.07895,1.07897,0.0,0,1717059142916,134,0.0
1717059149,1.07894,1.07896,0.0,0,1717059149000,134,0.0
1717059150,1.07895,1.07897,0.0,0,1717059150142,134,0.0
1717059152,1.07893,1.07895,0.0,0,1717059152613,134,0.0
1717059158,1.07894,1.07896,0.0,0,1717059158018,134,0.0
1717059159,1.07895,1.07897,0.0,0,1717059159261,134,0.0
1717059160,1.07894,1.07896,0.0,0,1717059160616,134,0.0
1717059161,1.07895,1.07897,0.0,0,1717059161417,134,0.0
1717059162,1.07894,1.07896,0.0,0,1717059162196,134,0.0
1717059163,1.07895,1.07897,0.0,0,1717059163499,134,0.0
1717059163,1.07894,1.07896,0.0,0,1717059163827,134,0.0
1717059172,1.07895,1.07897,0.0,0,1717059172760,134,0.0
1717059173,1.07894,1.07896,0.0,0,1717059173079,134,0.0
1717059173,1.07895,1.07897,0.0,0,1717059173648,134,0.0
1717059174,1.07896,1.07898,0.0,0,1717059174074,134,0.0
1717059176,1.07894,1.07898,0.0,0,1717059176637,130,0.0
1717059176,1.07893,1.07897,0.0,0,1717059176875,134,0.0
1717059177,1.07893,1.07896,0.0,0,1717059177074,4,0.0
1717059177,1.07892,1.07896,0.0,0,1717059177449,130,0.0
1717059179,1.07893,1.07897,0.0,0,1717059179355,134,0.0
1717059179,1.0789900000000001,1.07903,0.0,0,1717059179663,134,0.0
1717059180,1.0789900000000001,1.07902,0.0,0,1717059180783,134,0.0
1717059181,1.07898,1.07901,0.0,0,1717059181081,134,0.0
1717059181,1.07898,1.07902,0.0,0,1717059181500,4,0.0
1717059181,1.07898,1.07901,0.0,0,1717059181731,4,0.0
1717059184,1.07898,1.07902,0.0,0,1717059184174,4,0.0
1717059184,1.07898,1.07901,0.0,0,1717059184785,4,0.0
1717059185,1.07898,1.07902,0.0,0,1717059185695,4,0.0
1717059186,1.0789900000000001,1.07902,0.0,0,1717059186017,130,0.0
1717059187,1.07898,1.07902,0.0,0,1717059187279,130,0.0
1717059187,1.0789900000000001,1.07902,0.0,0,1717059187577,130,0.0
1717059189,1.07898,1.07902,0.0,0,1717059189799,130,0.0
1717059190,1.07898,1.07901,0.0,0,1717059190726,4,0.0
1717059193,1.0789900000000001,1.07902,0.0,0,1717059193133,134,0.0
1717059194,1.0789900000000001,1.07901,0.0,0,1717059194147,4,0.0
1717059194,1.0789900000000001,1.07902,0.0,0,1717059194194,4,0.0
1717059195,1.079,1.07902,0.0,0,1717059195121,130,0.0
1717059195,1.079,1.07903,0.0,0,1717059195201,4,0.0
1717059195,1.079,1.07902,0.0,0,1717059195538,4,0.0
1717059195,1.079,1.07903,0.0,0,1717059195844,4,0.0
1717059197,1.079,1.07902,0.0,0,1717059197716,4,0.0
1717059200,1.0789900000000001,1.07901,0.0,0,1717059200463,134,0.0
1717059206,1.079,1.07902,0.0,0,1717059206606,134,0.0
1717059211,1.07901,1.07903,0.0,0,1717059211070,134,0.0
1717059211,1.079,1.07902,0.0,0,1717059211363,134,0.0
1717059224,1.0789900000000001,1.07901,0.0,0,1717059224216,134,0.0
1717059230,1.079,1.07902,0.0,0,1717059230503,134,0.0
1717059233,1.07898,1.079,0.0,0,1717059233478,134,0.0
1717059235,1.07898,1.07901,0.0,0,1717059235302,4,0.0
1717059235,1.07897,1.079,0.0,0,1717059235526,134,0.0
1717059237,1.07898,1.07901,0.0,0,1717059237543,134,0.0
1717059237,1.0789900000000001,1.07902,0.0,0,1717059237755,134,0.0
1717059238,1.079,1.07903,0.0,0,1717059238145,134,0.0
1717059238,1.07897,1.07901,0.0,0,1717059238415,134,0.0
1717059238,1.07898,1.07901,0.0,0,1717059238593,130,0.0
1717059238,1.07897,1.07901,0.0,0,1717059238746,130,0.0
1717059238,1.07898,1.07901,0.0,0,1717059238880,130,0.0
1717059239,1.07897,1.07901,0.0,0,1717059239064,130,0.0
1717059239,1.07898,1.07901,0.0,0,1717059239244,130,0.0
1717059239,1.0789900000000001,1.07902,0.0,0,1717059239418,134,0.0
1717059240,1.07901,1.07904,0.0,0,1717059240333,134,0.0
1717059240,1.07901,1.07905,0.0,0,1717059240881,4,0.0
1717059241,1.07902,1.07905,0.0,0,1717059241625,130,0.0
1717059241,1.07902,1.07906,0.0,0,1717059241870,4,0.0
1717059242,1.07903,1.07906,0.0,0,1717059242645,130,0.0
1717059246,1.07902,1.07905,0.0,0,1717059246284,134,0.0
1717059246,1.07901,1.07905,0.0,0,1717059246951,130,0.0
1717059247,1.07902,1.07905,0.0,0,1717059247132,130,0.0
1717059247,1.07901,1.07905,0.0,0,1717059247692,130,0.0
1717059247,1.07898,1.07901,0.0,0,1717059247977,134,0.0
1717059248,1.0789900000000001,1.07902,0.0,0,1717059248078,134,0.0
1717059248,1.07898,1.07902,0.0,0,1717059248301,130,0.0
1717059250,1.0789900000000001,1.07903,0.0,0,1717059250317,134,0.0
1717059251,1.07898,1.07902,0.0,0,1717059251068,134,0.0
1717059252,1.07897,1.07901,0.0,0,1717059252417,134,0.0
1717059253,1.07898,1.07901,0.0,0,1717059253049,130,0.0
1717059253,1.07898,1.07902,0.0,0,1717059253300,4,0.0
1717059253,1.07897,1.07901,0.0,0,1717059253597,134,0.0
1717059255,1.07898,1.07902,0.0,0,1717059255101,134,0.0
1717059255,1.0789900000000001,1.07902,0.0,0,1717059255350,130,0.0
1717059256,1.07898,1.07902,0.0,0,1717059256074,130,0.0
1717059258,1.07898,1.07901,0.0,0,1717059258918,4,0.0
1717059259,1.0789900000000001,1.07901,0.0,0,1717059259199,130,0.0
1717059260,1.07898,1.07901,0.0,0,1717059260195,130,0.0
1717059260,1.07898,1.079,0.0,0,1717059260533,4,0.0
1717059260,1.0789900000000001,1.07901,0.0,0,1717059260995,134,0.0
1717059262,1.07897,1.079,0.0,0,1717059262821,134,0.0
1717059262,1.07898,1.079,0.0,0,1717059262821,130,0.0
1717059263,1.07898,1.07901,0.0,0,1717059263158,4,0.0
1717059264,1.07898,1.079,0.0,0,1717059264661,4,0.0
1717059264,1.0789900000000001,1.07901,0.0,0,1717059264806,134,0.0
1717059272,1.079,1.07902,0.0,0,1717059272715,134,0.0
1717059273,1.07901,1.07903,0.0,0,1717059273110,134,0.0
1717059273,1.07902,1.07904,0.0,0,1717059273750,134,0.0
1717059274,1.07901,1.07904,0.0,0,1717059274628,130,0.0
1717059275,1.07901,1.07905,0.0,0,1717059275046,4,0.0
1717059276,1.07902,1.07905,0.0,0,1717059276095,130,0.0
1717059276,1.07904,1.07906,0.0,0,1717059276380,134,0.0
1717059277,1.07903,1.07906,0.0,0,1717059277080,130,0.0
1717059277,1.07902,1.07906,0.0,0,1717059277367,130,0.0
1717059278,1.07903,1.07906,0.0,0,1717059278563,130,0.0
1717059278,1.07903,1.07907,0.0,0,1717059278661,4,0.0
1717059279,1.07903,1.07906,0.0,0,1717059279914,4,0.0
1717059280,1.07902,1.07906,0.0,0,1717059280018,130,0.0
1717059281,1.07903,1.07906,0.0,0,1717059281228,130,0.0
1717059281,1.07903,1.07907,0.0,0,1717059281411,4,0.0
1717059282,1.07903,1.07906,0.0,0,1717059282653,4,0.0
1717059283,1.07903,1.07907,0.0,0,1717059283431,4,0.0
1717059283,1.07903,1.07906,0.0,0,1717059283894,4,0.0
1717059283,1.07902,1.07906,0.0,0,1717059283993,130,0.0
1717059285,1.07902,1.07905,0.0,0,1717059285746,4,0.0
1717059285,1.07902,1.07906,0.0,0,1717059285944,4,0.0
1717059292,1.07902,1.07904,0.0,0,1717059292299,4,0.0
1717059292,1.07901,1.07903,0.0,0,1717059292528,134,0.0
1717059294,1.0789900000000001,1.07903,0.0,0,1717059294047,130,0.0
1717059294,1.0789900000000001,1.07902,0.0,0,1717059294247,4,0.0
1717059294,1.0789900000000001,1.07903,0.0,0,1717059294513,4,0.0
1717059298,1.07901,1.07903,0.0,0,1717059298227,130,0.0
1717059298,1.079,1.07902,0.0,0,1717059298460,134,0.0
1717059300,1.07901,1.07903,0.0,0,1717059300933,134,0.0
1717059302,1.07902,1.07904,0.0,0,1717059302480,134,0.0
1717059302,1.07903,1.07905,0.0,0,1717059302752,134,0.0
1717059303,1.07902,1.07905,0.0,0,1717059303943,130,0.0
1717059304,1.07901,1.07905,0.0,0,1717059304070,130,0.0
1717059305,1.07901,1.07904,0.0,0,1717059305448,4,0.0
1717059306,1.079,1.07904,0.0,0,1717059306194,130,0.0
1717059307,1.07901,1.07904,0.0,0,1717059307531,130,0.0
1717059307,1.079,1.07904,0.0,0,1717059307788,130,0.0
1717059308,1.07901,1.07904,0.0,0,1717059308029,130,0.0
1717059308,1.07902,1.07904,0.0,0,1717059308999,130,0.0
1717059309,1.07903,1.07905,0.0,0,1717059309469,134,0.0
1717059309,1.07904,1.07906,0.0,0,1717059309699,134,0.0
1717059310,1.07905,1.07907,0.0,0,1717059310011,134,0.0
1717059310,1.07904,1.07908,0.0,0,1717059310701,134,0.0
1717059311,1.07904,1.07907,0.0,0,1717059311060,4,0.0
1717059311,1.07904,1.07908,0.0,0,1717059311963,4,0.0
1717059315,1.07904,1.07907,0.0,0,1717059315612,4,0.0
1717059315,1.07904,1.07906,0.0,0,1717059315781,4,0.0
1717059315,1.07903,1.07906,0.0,0,1717059315979,130,0.0
1717059316,1.07903,1.07907,0.0,0,1717059316077,4,0.0
1717059321,1.07905,1.07907,0.0,0,1717059321073,130,0.0
1717059321,1.07904,1.07906,0.0,0,1717059321494,134,0.0
1717059322,1.07903,1.07905,0.0,0,1717059322075,134,0.0
1717059322,1.07904,1.07906,0.0,0,1717059322762,134,0.0
1717059323,1.07903,1.07905,0.0,0,1717059323502,134,0.0
1717059324,1.07904,1.07906,0.0,0,1717059324463,134,0.0
1717059325,1.07903,1.07905,0.0,0,1717059325231,134,0.0
1717059325,1.07904,1.07906,0.0,0,1717059325529,134,0.0
1717059326,1.07903,1.07905,0.0,0,1717059326099,134,0.0
1717059326,1.07904,1.07906,0.0,0,1717059326891,134,0.0
1717059329,1.07905,1.07907,0.0,0,1717059329894,134,0.0
1717059333,1.07906,1.07908,0.0,0,1717059333011,134,0.0
1717059333,1.07905,1.07907,0.0,0,1717059333777,134,0.0
1717059335,1.07906,1.07908,0.0,0,1717059335299,134,0.0
1717059335,1.07905,1.07907,0.0,0,1717059335506,134,0.0
1717059339,1.07906,1.07908,0.0,0,1717059339492,134,0.0
1717059339,1.0790899999999999,1.07911,0.0,0,1717059339726,134,0.0
1717059340,1.07908,1.07911,0.0,0,1717059340147,130,0.0
1717059340,1.07908,1.07912,0.0,0,1717059340409,4,0.0
1717059340,1.07908,1.07911,0.0,0,1717059340726,4,0.0
1717059341,1.07908,1.07912,0.0,0,1717059341731,4,0.0
1717059342,1.07908,1.07911,0.0,0,1717059342031,4,0.0
1717059343,1.07907,1.07911,0.0,0,1717059343449,130,0.0
1717059344,1.07907,1.0791,0.0,0,1717059344047,4,0.0
1717059344,1.07907,1.07911,0.0,0,1717059344324,4,0.0
1717059344,1.07908,1.07911,0.0,0,1717059344447,130,0.0
1717059346,1.07908,1.07912,0.0,0,1717059346298,4,0.0
1717059347,1.07908,1.07911,0.0,0,1717059347262,4,0.0
1717059349,1.0790899999999999,1.07911,0.0,0,1717059349136,130,0.0
1717059349,1.07908,1.07911,0.0,0,1717059349281,130,0.0
1717059350,1.0790899999999999,1.07911,0.0,0,1717059350045,130,0.0
1717059358,1.0791,1.07912,0.0,0,1717059358517,134,0.0
1717059359,1.0790899999999999,1.07911,0.0,0,1717059359612,134,0.0
1717059359,1.07908,1.0791,0.0,0,1717059359831,134,0.0
1717059360,1.07908,1.07911,0.0,0,1717059360228,134,0.0
1717059361,1.0790899999999999,1.07911,0.0,0,1717059361412,130,0.0
1717059361,1.07908,1.07911,0.0,0,1717059361611,130,0.0
1717059362,1.0790899999999999,1.07911,0.0,0,1717059362182,130,0.0
1717059364,1.0791,1.07912,0.0,0,1717059364147,134,0.0
1717059364,1.0790899999999999,1.07911,0.0,0,1717059364474,134,0.0
1717059366,1.07908,1.0791,0.0,0,1717059366319,134,0.0
1717059370,1.0790899999999999,1.07911,0.0,0,1717059370855,134,0.0
1717059371,1.07908,1.0791,0.0,0,1717059371759,134,0.0
1717059373,1.0790899999999999,1.07911,0.0,0,1717059373001,134,0.0
1717059373,1.07908,1.0791,0.0,0,1717059373043,134,0.0
1717059375,1.07907,1.0790899999999999,0.0,0,1717059375294,134,0.0
1717059375,1.07905,1.07907,0.0,0,1717059375403,134,0.0
1717059375,1.07904,1.07906,0.0,0,1717059375694,134,0.0
1717059375,1.07905,1.07907,0.0,0,1717059375711,134,0.0
1717059376,1.07905,1.07908,0.0,0,1717059376732,4,0.0
1717059377,1.07904,1.07908,0.0,0,1717059377011,130,0.0
1717059378,1.07903,1.07907,0.0,0,1717059378431,134,0.0
1717059378,1.07904,1.07907,0.0,0,1717059378666,130,0.0
1717059378,1.07903,1.07907,0.0,0,1717059378729,130,0.0
1717059379,1.07904,1.07908,0.0,0,1717059379150,134,0.0
1717059379,1.07904,1.07907,0.0,0,1717059379542,4,0.0
1717059379,1.07904,1.07908,0.0,0,1717059379651,4,0.0
1717059380,1.07904,1.07907,0.0,0,1717059380279,4,0.0
1717059380,1.07904,1.07908,0.0,0,1717059380416,4,0.0
1717059380,1.07904,1.07907,0.0,0,1717059380794,4,0.0
1717059380,1.07904,1.07908,0.0,0,1717059380993,4,0.0
1717059381,1.07904,1.07907,0.0,0,1717059381315,4,0.0
1717059381,1.07903,1.07907,0.0,0,1717059381624,130,0.0
1717059381,1.07903,1.07906,0.0,0,1717059381875,4,0.0
1717059381,1.07902,1.07906,0.0,0,1717059381979,130,0.0
1717059382,1.07903,1.07906,0.0,0,1717059382598,130,0.0
1717059382,1.07902,1.07906,0.0,0,1717059382860,130,0.0
1717059383,1.07903,1.07906,0.0,0,1717059383216,130,0.0
1717059387,1.07903,1.07907,0.0,0,1717059387401,4,0.0
1717059387,1.07904,1.07908,0.0,0,1717059387562,134,0.0
1717059388,1.07904,1.07907,0.0,0,1717059388348,4,0.0
1717059388,1.07904,1.07908,0.0,0,1717059388658,4,0.0
1717059393,1.07905,1.07907,0.0,0,1717059393116,134,0.0
1717059393,1.07906,1.07908,0.0,0,1717059393847,134,0.0
1717059394,1.07905,1.07907,0.0,0,1717059394458,134,0.0
1717059394,1.07906,1.07908,0.0,0,1717059394835,134,0.0
1717059395,1.07905,1.07907,0.0,0,1717059395355,134,0.0
1717059410,1.07906,1.07908,0.0,0,1717059410700,134,0.0
1717059411,1.07905,1.07907,0.0,0,1717059411443,134,0.0
1717059411,1.07906,1.07908,0.0,0,1717059411957,134,0.0
1717059412,1.07905,1.07907,0.0,0,1717059412015,134,0.0
1717059415,1.07906,1.07908,0.0,0,1717059415689,134,0.0
1717059420,1.07905,1.07907,0.0,0,1717059420626,134,0.0
1717059422,1.07906,1.07908,0.0,0,1717059422067,134,0.0
1717059422,1.07905,1.07907,0.0,0,1717059422522,134,0.0
1717059428,1.07903,1.07905,0.0,0,1717059428501,134,0.0
1717059429,1.07901,1.07905,0.0,0,1717059429415,130,0.0
1717059429,1.07902,1.07905,0.0,0,1717059429559,130,0.0
1717059434,1.07901,1.07905,0.0,0,1717059434534,130,0.0
1717059434,1.0789900000000001,1.07903,0.0,0,1717059434779,134,0.0
1717059436,1.079,1.07903,0.0,0,1717059436267,130,0.0
1717059438,1.0789900000000001,1.07903,0.0,0,1717059438529,130,0.0
1717059439,1.079,1.07903,0.0,0,1717059439963,130,0.0
1717059440,1.0789900000000001,1.07903,0.0,0,1717059440376,130,0.0
1717059445,1.079,1.07903,0.0,0,1717059445017,130,0.0
1717059445,1.079,1.07902,0.0,0,1717059445660,4,0.0
1717059450,1.07901,1.07903,0.0,0,1717059450902,134,0.0
1717059455,1.07902,1.07904,0.0,0,1717059455958,134,0.0
1717059457,1.07901,1.07903,0.0,0,1717059457414,134,0.0
1717059458,1.07902,1.07904,0.0,0,1717059458196,134,0.0
1717059459,1.07903,1.07905,0.0,0,1717059459819,134,0.0
1717059465,1.07904,1.07906,0.0,0,1717059465663,134,0.0
1717059465,1.07906,1.07908,0.0,0,1717059465776,134,0.0
1717059466,1.07905,1.07907,0.0,0,1717059466069,134,0.0
1717059466,1.07906,1.07908,0.0,0,1717059466442,134,0.0
1717059466,1.07905,1.07907,0.0,0,1717059466523,134,0.0
1717059468,1.07904,1.07907,0.0,0,1717059468944,130,0.0
1717059472,1.07905,1.07907,0.0,0,1717059472858,130,0.0
1717059473,1.07908,1.07911,0.0,0,1717059473051,134,0.0
1717059473,1.07908,1.07912,0.0,0,1717059473365,4,0.0
1717059473,1.0790899999999999,1.07912,0.0,0,1717059473758,130,0.0
1717059474,1.0790899999999999,1.07913,0.0,0,1717059474231,4,0.0
1717059474,1.07908,1.07912,0.0,0,1717059474354,134,0.0
1717059474,1.07908,1.07911,0.0,0,1717059474789,4,0.0
1717059475,1.07907,1.07911,0.0,0,1717059475375,130,0.0
1717059476,1.07908,1.07911,0.0,0,1717059476094,130,0.0
1717059476,1.07908,1.07912,0.0,0,1717059476383,4,0.0
1717059476,1.0790899999999999,1.07913,0.0,0,1717059476652,134,0.0
1717059483,1.0790899999999999,1.07912,0.0,0,1717059483367,134,0.0
1717059483,1.07905,1.0790899999999999,0.0,0,1717059483598,134,0.0
1717059483,1.07905,1.07908,0.0,0,1717059483737,4,0.0
1717059485,1.07904,1.07908,0.0,0,1717059485277,130,0.0
1717059485,1.07903,1.07907,0.0,0,1717059485594,134,0.0
1717059485,1.07904,1.07907,0.0,0,1717059485853,130,0.0
1717059487,1.07904,1.07908,0.0,0,1717059487262,4,0.0
1717059488,1.07904,1.07907,0.0,0,1717059488845,4,0.0
1717059490,1.07903,1.07907,0.0,0,1717059490243,130,0.0
1717059490,1.07905,1.07908,0.0,0,1717059490533,134,0.0
1717059490,1.07904,1.07908,0.0,0,1717059490564,130,0.0
1717059491,1.07905,1.07908,0.0,0,1717059491117,130,0.0
1717059492,1.07903,1.07906,0.0,0,1717059492467,134,0.0
1717059492,1.07901,1.07905,0.0,0,1717059492544,134,0.0
1717059492,1.07902,1.07905,0.0,0,1717059492830,130,0.0
1717059492,1.07902,1.07906,0.0,0,1717059492972,4,0.0
1717059493,1.07903,1.07906,0.0,0,1717059493181,130,0.0
1717059493,1.07902,1.07905,0.0,0,1717059493505,134,0.0
1717059494,1.07903,1.07906,0.0,0,1717059494493,134,0.0
1717059494,1.07902,1.07906,0.0,0,1717059494877,130,0.0
1717059497,1.07902,1.07905,0.0,0,1717059497923,4,0.0
1717059499,1.07903,1.07905,0.0,0,1717059499032,130,0.0
1717059500,1.07903,1.07906,0.0,0,1717059500230,4,0.0
1717059500,1.07903,1.07905,0.0,0,1717059500794,4,0.0
1717059503,1.07904,1.07906,0.0,0,1717059503447,134,0.0
1717059503,1.07903,1.07905,0.0,0,1717059503832,134,0.0
1717059504,1.07904,1.07906,0.0,0,1717059504479,134,0.0
1717059510,1.07903,1.07905,0.0,0,1717059510346,134,0.0
1717059511,1.07902,1.07904,0.0,0,1717059511972,134,0.0
1717059512,1.07903,1.07905,0.0,0,1717059512046,134,0.0
1717059512,1.07902,1.07904,0.0,0,1717059512301,134,0.0
1717059512,1.07901,1.07903,0.0,0,1717059512363,134,0.0
1717059512,1.079,1.07902,0.0,0,1717059512629,134,0.0
1717059515,1.0789900000000001,1.07903,0.0,0,1717059515393,134,0.0
1717059526,1.079,1.07902,0.0,0,1717059526177,134,0.0
1717059526,1.07898,1.079,0.0,0,1717059526489,134,0.0
1717059529,1.07897,1.079,0.0,0,1717059529408,130,0.0
1717059529,1.07896,1.079,0.0,0,1717059529567,130,0.0
1717059529,1.07896,1.0789900000000001,0.0,0,1717059529792,4,0.0
1717059531,1.07896,1.079,0.0,0,1717059531260,4,0.0
1717059531,1.07897,1.07901,0.0,0,1717059531487,134,0.0
1717059540,1.07898,1.079,0.0,0,1717059540149,134,0.0
1717059540,1.07897,1.0789900000000001,0.0,0,1717059540364,134,0.0
1717059544,1.07896,1.07898,0.0,0,1717059544117,134,0.0
1717059549,1.07897,1.0789900000000001,0.0,0,1717059549738,134,0.0
1717059549,1.0789900000000001,1.07901,0.0,0,1717059549930,134,0.0
1717059551,1.07898,1.07901,0.0,0,1717059551378,130,0.0
1717059551,1.07898,1.07902,0.0,0,1717059551743,4,0.0
1717059553,1.07898,1.07901,0.0,0,1717059553144,4,0.0
1717059553,1.07898,1.07902,0.0,0,1717059553845,4,0.0
1717059557,1.07898,1.07901,0.0,0,1717059557276,4,0.0
1717059557,1.0789900000000001,1.07901,0.0,0,1717059557637,130,0.0
1717059562,1.079,1.07902,0.0,0,1717059562229,134,0.0
1717059569,1.07901,1.07903,0.0,0,1717059569828,134,0.0
1717059570,1.079,1.07902,0.0,0,1717059570057,134,0.0
1717059578,1.0789900000000001,1.07901,0.0,0,1717059578011,134,0.0
1717059578,1.07898,1.079,0.0,0,1717059578315,134,0.0
1717059578,1.07898,1.07901,0.0,0,1717059578995,4,0.0
1717059580,1.07898,1.07902,0.0,0,1717059580470,4,0.0
1717059584,1.07898,1.07901,0.0,0,1717059584192,4,0.0
1717059584,1.0789900000000001,1.07901,0.0,0,1717059584294,130,0.0
1717059589,1.079,1.07902,0.0,0,1717059589447,134,0.0
1717059593,1.07901,1.07903,0.0,0,1717059593656,134,0.0
1717059600,1.079,1.07902,0.0,0,1717059600128,134,0.0
1717059600,1.0789900000000001,1.07901,0.0,0,1717059600144,134,0.0
1717059601,1.0789900000000001,1.07902,0.0,0,1717059601149,4,0.0
1717059601,1.0789900000000001,1.07903,0.0,0,1717059601414,4,0.0
1717059603,1.079,1.07903,0.0,0,1717059603092,130,0.0
1717059603,1.0789900000000001,1.07903,0.0,0,1717059603393,130,0.0
1717059603,1.079,1.07904,0.0,0,1717059603780,134,0.0
1717059604,1.07904,1.07908,0.0,0,1717059604098,134,0.0
1717059604,1.07904,1.07907,0.0,0,1717059604115,4,0.0
1717059604,1.07905,1.07908,0.0,0,1717059604386,134,0.0
1717059604,1.07906,1.0790899999999999,0.0,0,1717059604706,134,0.0
1717059605,1.07905,1.0790899999999999,0.0,0,1717059605386,130,0.0
1717059605,1.0790899999999999,1.07913,0.0,0,1717059605722,134,0.0
1717059605,1.07908,1.07911,0.0,0,1717059605723,134,0.0
1717059606,1.0791,1.07914,0.0,0,1717059606050,134,0.0
1717059606,1.07911,1.07914,0.0,0,1717059606904,130,0.0
1717059607,1.0791,1.07914,0.0,0,1717059607662,130,0.0
1717059608,1.07911,1.07914,0.0,0,1717059608410,130,0.0
1717059609,1.0791,1.07914,0.0,0,1717059609157,130,0.0
1717059609,1.0790899999999999,1.07913,0.0,0,1717059609364,134,0.0
1717059609,1.0791,1.07913,0.0,0,1717059609833,130,0.0
1717059610,1.0790899999999999,1.07912,0.0,0,1717059610098,134,0.0
1717059610,1.07906,1.0790899999999999,0.0,0,1717059610334,134,0.0
1717059610,1.07906,1.0791,0.0,0,1717059610476,4,0.0
1717059610,1.07907,1.0791,0.0,0,1717059610807,130,0.0
1717059610,1.07906,1.0791,0.0,0,1717059610967,130,0.0
1717059611,1.07906,1.0790899999999999,0.0,0,1717059611046,4,0.0
1717059615,1.07904,1.07908,0.0,0,1717059615683,134,0.0
1717059616,1.07905,1.07908,0.0,0,1717059616040,130,0.0
1717059617,1.07905,1.0790899999999999,0.0,0,1717059617559,4,0.0
1717059620,1.07906,1.0790899999999999,0.0,0,1717059620837,130,0.0
1717059620,1.07908,1.07912,0.0,0,1717059620952,134,0.0
1717059621,1.0790899999999999,1.07912,0.0,0,1717059621217,130,0.0
1717059622,1.0791,1.07913,0.0,0,1717059622032,134,0.0
1717059622,1.07908,1.07912,0.0,0,1717059622736,134,0.0
1717059622,1.07906,1.0790899999999999,0.0,0,1717059622880,134,0.0
1717059623,1.07905,1.0790899999999999,0.0,0,1717059623194,130,0.0
1717059624,1.07906,1.0790899999999999,0.0,0,1717059624756,130,0.0
1717059624,1.07907,1.0791,0.0,0,1717059624838,134,0.0
1717059625,1.07906,1.0791,0.0,0,1717059625499,130,0.0
1717059625,1.07906,1.0790899999999999,0.0,0,1717059625583,4,0.0
1717059627,1.07905,1.0790899999999999,0.0,0,1717059627010,130,0.0
1717059628,1.07905,1.07908,0.0,0,1717059628528,4,0.0
1717059628,1.07904,1.07908,0.0,0,1717059628800,130,0.0
1717059629,1.07905,1.0790899999999999,0.0,0,1717059629498,134,0.0
1717059640,1.07905,1.07908,0.0,0,1717059640102,4,0.0
1717059640,1.07906,1.07908,0.0,0,1717059640332,130,0.0
1717059641,1.07907,1.0790899999999999,0.0,0,1717059641737,134,0.0
1717059642,1.0790899999999999,1.07911,0.0,0,1717059642536,134,0.0
1717059642,1.07907,1.0791,0.0,0,1717059642672,134,0.0
1717059643,1.07908,1.0791,0.0,0,1717059643129,130,0.0
1717059644,1.07908,1.07911,0.0,0,1717059644929,4,0.0
1717059645,1.0790899999999999,1.07911,0.0,0,1717059645020,130,0.0
1717059645,1.0790899999999999,1.07912,0.0,0,1717059645410,4,0.0
1717059645,1.0791,1.07912,0.0,0,1717059645626,130,0.0
1717059645,1.0791,1.07913,0.0,0,1717059645950,4,0.0
1717059646,1.0791,1.07912,0.0,0,1717059646022,4,0.0
1717059647,1.0790899999999999,1.07912,0.0,0,1717059647670,130,0.0
1717059647,1.0791,1.07913,0.0,0,1717059647994,134,0.0
1717059648,1.0791,1.07912,0.0,0,1717059648346,4,0.0
1717059648,1.07911,1.07913,0.0,0,1717059648636,134,0.0
1717059648,1.0791,1.07913,0.0,0,1717059648912,130,0.0
1717059649,1.0791,1.07912,0.0,0,1717059649042,4,0.0
1717059650,1.07911,1.07913,0.0,0,1717059650177,134,0.0
1717059650,1.0791,1.07913,0.0,0,1717059650246,130,0.0
1717059650,1.07913,1.07915,0.0,0,1717059650931,134,0.0
1717059650,1.07912,1.07915,0.0,0,1717059650960,130,0.0
1717059651,1.07914,1.07916,0.0,0,1717059651315,134,0.0
1717059651,1.07913,1.07916,0.0,0,1717059651315,130,0.0
1717059651,1.07914,1.07916,0.0,0,1717059651631,130,0.0
1717059651,1.07913,1.07916,0.0,0,1717059651894,130,0.0
1717059652,1.07913,1.07917,0.0,0,1717059652040,4,0.0
1717059652,1.07914,1.07917,0.0,0,1717059652260,130,0.0
1717059652,1.07913,1.07917,0.0,0,1717059652925,130,0.0
1717059653,1.07912,1.07915,0.0,0,1717059653247,134,0.0
1717059653,1.07912,1.07914,0.0,0,1717059653247,4,0.0
1717059653,1.07911,1.07914,0.0,0,1717059653995,130,0.0
1717059654,1.07912,1.07914,0.0,0,1717059654193,130,0.0
1717059654,1.07912,1.07915,0.0,0,1717059654382,4,0.0
1717059654,1.07912,1.07916,0.0,0,1717059654758,4,0.0
1717059654,1.07912,1.07915,0.0,0,1717059654988,4,0.0
1717059656,1.07911,1.07915,0.0,0,1717059656729,130,0.0
1717059660,1.07912,1.07915,0.0,0,1717059660616,130,0.0
1717059660,1.07912,1.07914,0.0,0,1717059660794,4,0.0
1717059661,1.07911,1.07914,0.0,0,1717059661146,130,0.0
1717059661,1.07911,1.07913,0.0,0,1717059661850,4,0.0
1717059662,1.0791,1.07913,0.0,0,1717059662370,130,0.0
1717059662,1.07908,1.0791,0.0,0,1717059662465,134,0.0
1717059663,1.07908,1.07911,0.0,0,1717059663076,4,0.0
1717059663,1.07908,1.07912,0.0,0,1717059663578,4,0.0
1717059663,1.0790899999999999,1.07912,0.0,0,1717059663788,130,0.0
1717059663,1.0791,1.07913,0.0,0,1717059663948,134,0.0
1717059664,1.0791,1.07914,0.0,0,1717059664180,4,0.0
1717059664,1.0790899999999999,1.07913,0.0,0,1717059664448,134,0.0
1717059665,1.0790899999999999,1.07912,0.0,0,1717059665677,4,0.0
1717059665,1.07906,1.0791,0.0,0,1717059665826,134,0.0
1717059666,1.07907,1.0791,0.0,0,1717059666096,130,0.0
1717059666,1.07906,1.0791,0.0,0,1717059666431,130,0.0
1717059666,1.07906,1.0790899999999999,0.0,0,1717059666662,4,0.0
1717059667,1.07906,1.0791,0.0,0,1717059667201,4,0.0
1717059667,1.07906,1.0790899999999999,0.0,0,1717059667515,4,0.0
1717059668,1.07905,1.0790899999999999,0.0,0,1717059668217,130,0.0
1717059671,1.07905,1.07908,0.0,0,1717059671576,4,0.0
1717059672,1.07905,1.0790899999999999,0.0,0,1717059672325,4,0.0
1717059679,1.07906,1.07908,0.0,0,1717059679447,134,0.0
1717059679,1.07902,1.07904,0.0,0,1717059679942,134,0.0
1717059680,1.07901,1.07903,0.0,0,1717059680272,134,0.0
1717059680,1.079,1.07902,0.0,0,1717059680930,134,0.0
1717059681,1.079,1.07903,0.0,0,1717059681518,4,0.0
1717059681,1.079,1.07904,0.0,0,1717059681616,4,0.0
1717059682,1.079,1.07903,0.0,0,1717059682494,4,0.0
1717059682,1.0789900000000001,1.07903,0.0,0,1717059682578,130,0.0
1717059682,1.079,1.07903,0.0,0,1717059682710,130,0.0
1717059683,1.0789900000000001,1.07903,0.0,0,1717059683211,130,0.0
1717059683,1.079,1.07903,0.0,0,1717059683299,130,0.0
1717059684,1.0789900000000001,1.07903,0.0,0,1717059684052,130,0.0
1717059687,1.079,1.07903,0.0,0,1717059687986,130,0.0
1717059688,1.0789900000000001,1.07903,0.0,0,1717059688198,130,0.0
1717059690,1.079,1.07903,0.0,0,1717059690114,130,0.0
1717059690,1.079,1.07902,0.0,0,1717059690511,4,0.0
1717059690,1.07901,1.07903,0.0,0,1717059690898,134,0.0
1717059691,1.079,1.07903,0.0,0,1717059691181,130,0.0
1717059691,1.079,1.07902,0.0,0,1717059691194,4,0.0
1717059691,1.07901,1.07903,0.0,0,1717059691498,134,0.0
1717059691,1.0789900000000001,1.07902,0.0,0,1717059691511,134,0.0
1717059691,1.0789900000000001,1.07901,0.0,0,1717059691856,4,0.0
1717059692,1.07898,1.07901,0.0,0,1717059692754,130,0.0
1717059692,1.07897,1.079,0.0,0,1717059692837,134,0.0
1717059693,1.07897,1.0789900000000001,0.0,0,1717059693143,4,0.0
1717059693,1.07896,1.0789900000000001,0.0,0,1717059693256,130,0.0
1717059693,1.07896,1.07898,0.0,0,1717059693477,4,0.0
1717059693,1.07895,1.07898,0.0,0,1717059693542,130,0.0
1717059694,1.07896,1.07898,0.0,0,1717059694012,130,0.0
1717059694,1.07895,1.07898,0.0,0,1717059694162,130,0.0
1717059694,1.07895,1.0789900000000001,0.0,0,1717059694477,4,0.0
1717059694,1.07895,1.07898,0.0,0,1717059694529,4,0.0
1717059695,1.07895,1.0789900000000001,0.0,0,1717059695180,4,0.0
1717059696,1.07895,1.07898,0.0,0,1717059696011,4,0.0
1717059696,1.07895,1.0789900000000001,0.0,0,1717059696562,4,0.0
1717059697,1.07895,1.07898,0.0,0,1717059697162,4,0.0
1717059697,1.07894,1.07898,0.0,0,1717059697520,130,0.0
1717059698,1.07895,1.07898,0.0,0,1717059698072,130,0.0
1717059698,1.07894,1.07898,0.0,0,1717059698412,130,0.0
1717059698,1.07896,1.0789900000000001,0.0,0,1717059698587,134,0.0
1717059698,1.07897,1.079,0.0,0,1717059698793,134,0.0
1717059698,1.07898,1.07901,0.0,0,1717059698914,134,0.0
1717059699,1.07898,1.079,0.0,0,1717059699429,4,0.0
1717059699,1.07897,1.079,0.0,0,1717059699700,130,0.0
1717059700,1.07896,1.079,0.0,0,1717059700303,130,0.0
1717059701,1.07897,1.079,0.0,0,1717059701687,130,0.0
1717059701,1.07897,1.07901,0.0,0,1717059701847,4,0.0
1717059702,1.07898,1.07901,0.0,0,1717059702047,130,0.0
1717059702,1.07898,1.07902,0.0,0,1717059702063,4,0.0
1717059707,1.0789900000000001,1.07902,0.0,0,1717059707449,130,0.0
1717059707,1.07902,1.07905,0.0,0,1717059707710,134,0.0
1717059707,1.07903,1.07906,0.0,0,1717059707759,134,0.0
1717059708,1.07904,1.07908,0.0,0,1717059708126,134,0.0
1717059708,1.07904,1.07907,0.0,0,1717059708446,4,0.0
1717059708,1.07904,1.07908,0.0,0,1717059708703,4,0.0
1717059710,1.07903,1.07907,0.0,0,1717059710149,134,0.0
1717059712,1.07903,1.07906,0.0,0,1717059712433,4,0.0
1717059713,1.07902,1.07905,0.0,0,1717059713113,134,0.0
1717059713,1.07903,1.07907,0.0,0,1717059713312,134,0.0
1717059715,1.07903,1.07906,0.0,0,1717059715095,4,0.0
1717059717,1.07904,1.07906,0.0,0,1717059717675,130,0.0
1717059718,1.07902,1.07904,0.0,0,1717059718909,134,0.0
1717059720,1.07901,1.07905,0.0,0,1717059720304,134,0.0
1717059720,1.07901,1.07904,0.0,0,1717059720585,4,0.0
1717059720,1.07901,1.07905,0.0,0,1717059720635,4,0.0
1717059720,1.07902,1.07905,0.0,0,1717059720979,130,0.0
1717059721,1.07902,1.07906,0.0,0,1717059721771,4,0.0
1717059721,1.07902,1.07905,0.0,0,1717059721897,4,0.0
1717059722,1.07903,1.07907,0.0,0,1717059722531,134,0.0
1717059722,1.07904,1.07907,0.0,0,1717059722611,130,0.0
1717059722,1.07904,1.07908,0.0,0,1717059722882,4,0.0
1717059722,1.07905,1.0790899999999999,0.0,0,1717059722939,134,0.0
1717059723,1.07904,1.07908,0.0,0,1717059723233,134,0.0
1717059723,1.07904,1.07907,0.0,0,1717059723265,4,0.0
1717059725,1.07905,1.07907,0.0,0,1717059725114,130,0.0
1717059725,1.07904,1.07907,0.0,0,1717059725548,130,0.0
1717059725,1.07905,1.07907,0.0,0,1717059725835,130,0.0
1717059726,1.07905,1.07908,0.0,0,1717059726075,4,0.0
1717059726,1.07905,1.07907,0.0,0,1717059726226,4,0.0
1717059726,1.07905,1.07908,0.0,0,1717059726512,4,0.0
1717059726,1.07905,1.07907,0.0,0,1717059726675,4,0.0
1717059728,1.07905,1.07908,0.0,0,1717059728497,4,0.0
1717059728,1.07906,1.07908,0.0,0,1717059728827,130,0.0
1717059729,1.07905,1.07908,0.0,0,1717059729088,130,0.0
1717059729,1.07905,1.07907,0.0,0,1717059729138,4,0.0
1717059729,1.07904,1.07907,0.0,0,1717059729605,130,0.0
1717059730,1.07905,1.07907,0.0,0,1717059730044,130,0.0
1717059730,1.07905,1.07908,0.0,0,1717059730128,4,0.0
1717059730,1.07905,1.0790899999999999,0.0,0,1717059730141,4,0.0
1717059730,1.07905,1.07908,0.0,0,1717059730482,4,0.0
1717059730,1.07904,1.07908,0.0,0,1717059730626,130,0.0
1717059731,1.07904,1.07907,0.0,0,1717059731549,4,0.0
1717059731,1.07905,1.07907,0.0,0,1717059731783,130,0.0
1717059737,1.07906,1.07908,0.0,0,1717059737101,134,0.0
1717059738,1.07905,1.07907,0.0,0,1717059738897,134,0.0
1717059739,1.07906,1.07908,0.0,0,1717059739806,134,0.0
1717059741,1.07905,1.07907,0.0,0,1717059741012,134,0.0
1717059741,1.07906,1.07908,0.0,0,1717059741065,134,0.0
1717059741,1.07905,1.07907,0.0,0,1717059741724,134,0.0
1717059742,1.07906,1.07908,0.0,0,1717059742811,134,0.0
1717059744,1.07905,1.07907,0.0,0,1717059744576,134,0.0
1717059746,1.07906,1.07908,0.0,0,1717059746196,134,0.0
1717059747,1.07907,1.0790899999999999,0.0,0,1717059747018,134,0.0
1717059747,1.07906,1.07908,0.0,0,1717059747752,134,0.0
1717059750,1.07907,1.0790899999999999,0.0,0,1717059750264,134,0.0
1717059750,1.07906,1.07908,0.0,0,1717059750592,134,0.0
1717059752,1.07907,1.0790899999999999,0.0,0,1717059752896,134,0.0
1717059753,1.07908,1.0791,0.0,0,1717059753888,134,0.0
1717059754,1.07907,1.0791,0.0,0,1717059754064,130,0.0
1717059755,1.07908,1.0791,0.0,0,1717059755550,130,0.0
1717059755,1.07912,1.07915,0.0,0,1717059755586,134,0.0
1717059755,1.07913,1.07915,0.0,0,1717059755952,130,0.0
1717059756,1.07912,1.07916,0.0,0,1717059756268,134,0.0
1717059756,1.07912,1.07915,0.0,0,1717059756268,4,0.0
1717059756,1.07912,1.07916,0.0,0,1717059756529,4,0.0
1717059756,1.07912,1.07915,0.0,0,1717059756561,4,0.0
1717059756,1.07911,1.07914,0.0,0,1717059756862,134,0.0
1717059757,1.0791,1.07914,0.0,0,1717059757075,130,0.0
1717059757,1.0791,1.07913,0.0,0,1717059757214,4,0.0
1717059757,1.0790899999999999,1.07912,0.0,0,1717059757772,134,0.0
1717059757,1.0790899999999999,1.07913,0.0,0,1717059757869,4,0.0
1717059758,1.0790899999999999,1.07912,0.0,0,1717059758187,4,0.0
1717059758,1.0790899999999999,1.07913,0.0,0,1717059758449,4,0.0
1717059761,1.0791,1.07913,0.0,0,1717059761106,130,0.0
1717059761,1.07912,1.07915,0.0,0,1717059761150,134,0.0
1717059761,1.07911,1.07915,0.0,0,1717059761185,130,0.0
1717059761,1.07911,1.07914,0.0,0,1717059761489,4,0.0
1717059761,1.07911,1.07915,0.0,0,1717059761489,4,0.0
1717059762,1.07911,1.07914,0.0,0,1717059762057,4,0.0
1717059762,1.0791,1.07914,0.0,0,1717059762186,130,0.0
1717059764,1.07911,1.07914,0.0,0,1717059764244,130,0.0
1717059764,1.07911,1.07915,0.0,0,1717059764712,4,0.0
1717059764,1.07911,1.07914,0.0,0,1717059764878,4,0.0
1717059765,1.07911,1.07915,0.0,0,1717059765126,4,0.0
1717059765,1.07911,1.07914,0.0,0,1717059765493,4,0.0
1717059765,1.07914,1.07918,0.0,0,1717059765790,134,0.0
1717059765,1.07914,1.07917,0.0,0,1717059765840,4,0.0
1717059766,1.07912,1.07915,0.0,0,1717059766099,134,0.0
1717059766,1.07912,1.07916,0.0,0,1717059766580,4,0.0
1717059766,1.07912,1.07915,0.0,0,1717059766955,4,0.0
1717059767,1.0790899999999999,1.07913,0.0,0,1717059767468,134,0.0
1717059767,1.0791,1.07914,0.0,0,1717059767924,134,0.0
1717059768,1.07911,1.07914,0.0,0,1717059768381,130,0.0
1717059768,1.0791,1.07914,0.0,0,1717059768464,130,0.0
1717059770,1.0791,1.07913,0.0,0,1717059770833,4,0.0
1717059771,1.0791,1.07914,0.0,0,1717059771142,4,0.0
1717059771,1.0791,1.07913,0.0,0,1717059771427,4,0.0
1717059771,1.07911,1.07914,0.0,0,1717059771758,134,0.0
1717059772,1.07911,1.07915,0.0,0,1717059772181,4,0.0
1717059772,1.07911,1.07914,0.0,0,1717059772371,4,0.0
1717059772,1.07911,1.07915,0.0,0,1717059772532,4,0.0
1717059772,1.07911,1.07914,0.0,0,1717059772711,4,0.0
1717059772,1.07911,1.07915,0.0,0,1717059772733,4,0.0
1717059773,1.07911,1.07914,0.0,0,1717059773230,4,0.0
1717059773,1.07912,1.07915,0.0,0,1717059773658,134,0.0
1717059775,1.07912,1.07916,0.0,0,1717059775064,4,0.0
1717059775,1.07912,1.07915,0.0,0,1717059775366,4,0.0
1717059775,1.07911,1.07915,0.0,0,1717059775558,130,0.0
1717059775,1.07911,1.07914,0.0,0,1717059775696,4,0.0
1717059776,1.07911,1.07915,0.0,0,1717059776076,4,0.0
1717059776,1.07911,1.07914,0.0,0,1717059776350,4,0.0
1717059776,1.07911,1.07915,0.0,0,1717059776412,4,0.0
1717059777,1.07911,1.07914,0.0,0,1717059777027,4,0.0
1717059777,1.07912,1.07915,0.0,0,1717059777323,134,0.0
1717059777,1.07912,1.07916,0.0,0,1717059777723,4,0.0
1717059778,1.07914,1.07918,0.0,0,1717059778003,134,0.0
1717059778,1.07915,1.07918,0.0,0,1717059778057,130,0.0
1717059778,1.07914,1.07917,0.0,0,1717059778369,134,0.0
1717059778,1.07914,1.07918,0.0,0,1717059778446,4,0.0
1717059778,1.07914,1.07917,0.0,0,1717059778929,4,0.0
1717059779,1.07914,1.07918,0.0,0,1717059779169,4,0.0
1717059779,1.07914,1.07917,0.0,0,1717059779564,4,0.0
1717059780,1.07914,1.07918,0.0,0,1717059780536,134,0.0
1717059781,1.07915,1.07918,0.0,0,1717059781022,130,0.0
1717059781,1.07915,1.07919,0.0,0,1717059781281,4,0.0
1717059781,1.07916,1.07919,0.0,0,1717059781378,130,0.0
1717059781,1.07915,1.07919,0.0,0,1717059781620,130,0.0
1717059781,1.07916,1.0792,0.0,0,1717059781681,134,0.0
1717059781,1.07915,1.07919,0.0,0,1717059781956,134,0.0
1717059783,1.07916,1.07919,0.0,0,1717059783148,130,0.0
1717059783,1.07917,1.0792,0.0,0,1717059783363,134,0.0
1717059783,1.07918,1.0792,0.0,0,1717059783594,130,0.0
1717059783,1.07917,1.0792,0.0,0,1717059783696,130,0.0
1717059783,1.07916,1.07919,0.0,0,1717059783933,134,0.0
1717059784,1.07918,1.0792,0.0,0,1717059784110,134,0.0
1717059784,1.07917,1.07919,0.0,0,1717059784264,134,0.0
1717059784,1.07918,1.0792,0.0,0,1717059784276,134,0.0
1717059787,1.07921,1.07923,0.0,0,1717059787595,134,0.0
1717059787,1.07922,1.07924,0.0,0,1717059787886,134,0.0
1717059788,1.07921,1.07925,0.0,0,1717059788229,134,0.0
1717059788,1.07921,1.07924,0.0,0,1717059788714,4,0.0
1717059788,1.0792,1.07924,0.0,0,1717059788879,130,0.0
1717059790,1.07921,1.07925,0.0,0,1717059790911,134,0.0
1717059791,1.07922,1.07925,0.0,0,1717059791258,130,0.0
1717059791,1.07923,1.07927,0.0,0,1717059791551,134,0.0
1717059791,1.07924,1.07927,0.0,0,1717059791596,130,0.0
1717059791,1.07923,1.07927,0.0,0,1717059791842,130,0.0
1717059791,1.07923,1.07926,0.0,0,1717059791877,4,0.0
1717059792,1.07922,1.07926,0.0,0,1717059792180,130,0.0
1717059792,1.07923,1.07926,0.0,0,1717059792894,130,0.0
1717059793,1.07921,1.07925,0.0,0,1717059793164,134,0.0
1717059793,1.07922,1.07926,0.0,0,1717059793314,134,0.0
1717059793,1.07922,1.07925,0.0,0,1717059793519,4,0.0
1717059793,1.07921,1.07925,0.0,0,1717059793629,130,0.0
1717059793,1.07922,1.07925,0.0,0,1717059793828,130,0.0
1717059794,1.07921,1.07925,0.0,0,1717059794186,130,0.0
1717059794,1.07922,1.07926,0.0,0,1717059794539,134,0.0
1717059794,1.07922,1.07925,0.0,0,1717059794539,4,0.0
1717059794,1.07922,1.07926,0.0,0,1717059794845,4,0.0
1717059795,1.07923,1.07926,0.0,0,1717059795281,130,0.0
1717059795,1.07924,1.07927,0.0,0,1717059795462,134,0.0
1717059795,1.07923,1.07926,0.0,0,1717059795849,134,0.0
1717059796,1.07921,1.07925,0.0,0,1717059796129,134,0.0
1717059796,1.07922,1.07925,0.0,0,1717059796164,130,0.0
1717059796,1.07921,1.07925,0.0,0,1717059796483,130,0.0
1717059796,1.07922,1.07926,0.0,0,1717059796826,134,0.0
1717059796,1.07921,1.07925,0.0,0,1717059796842,134,0.0
1717059797,1.07922,1.07925,0.0,0,1717059797149,130,0.0
1717059797,1.07921,1.07924,0.0,0,1717059797201,134,0.0
1717059797,1.07921,1.07925,0.0,0,1717059797448,4,0.0
1717059798,1.07921,1.07924,0.0,0,1717059798493,4,0.0
1717059799,1.07921,1.07925,0.0,0,1717059799306,4,0.0
1717059799,1.07922,1.07925,0.0,0,1717059799805,130,0.0
1717059800,1.07923,1.07927,0.0,0,1717059800111,134,0.0
1717059800,1.07923,1.07926,0.0,0,1717059800865,4,0.0
1717059801,1.07921,1.07925,0.0,0,1717059801100,134,0.0
1717059802,1.07922,1.07926,0.0,0,1717059802228,134,0.0
1717059802,1.07922,1.07925,0.0,0,1717059802405,4,0.0
1717059802,1.07921,1.07925,0.0,0,1717059802503,130,0.0
1717059803,1.07922,1.07925,0.0,0,1717059803013,130,0.0
1717059803,1.07921,1.07925,0.0,0,1717059803205,130,0.0
1717059804,1.07922,1.07926,0.0,0,1717059804146,134,0.0
1717059804,1.07921,1.07925,0.0,0,1717059804396,134,0.0
1717059806,1.07922,1.07925,0.0,0,1717059806697,130,0.0
1717059806,1.07922,1.07924,0.0,0,1717059806746,4,0.0
1717059809,1.07923,1.07925,0.0,0,1717059809408,134,0.0
1717059809,1.07924,1.07926,0.0,0,1717059809685,134,0.0
1717059809,1.07925,1.07927,0.0,0,1717059809715,134,0.0
1717059810,1.07924,1.07927,0.0,0,1717059810761,130,0.0
1717059810,1.07923,1.07927,0.0,0,1717059810992,130,0.0
1717059811,1.07924,1.07927,0.0,0,1717059811057,130,0.0
1717059811,1.07923,1.07927,0.0,0,1717059811312,130,0.0
1717059812,1.07924,1.07928,0.0,0,1717059812032,134,0.0
1717059812,1.07923,1.07927,0.0,0,1717059812310,134,0.0
1717059812,1.07923,1.07926,0.0,0,1717059812480,4,0.0
1717059813,1.07924,1.07927,0.0,0,1717059813689,134,0.0
1717059815,1.07926,1.07928,0.0,0,1717059815863,134,0.0
1717059815,1.07924,1.07926,0.0,0,1717059815954,134,0.0
1717059816,1.07923,1.07925,0.0,0,1717059816265,134,0.0
1717059817,1.07922,1.07926,0.0,0,1717059817166,134,0.0
1717059817,1.07924,1.07927,0.0,0,1717059817282,134,0.0
1717059817,1.07927,1.0793,0.0,0,1717059817590,134,0.0
1717059817,1.07926,1.07929,0.0,0,1717059817590,134,0.0
1717059818,1.07926,1.0793,0.0,0,1717059818059,4,0.0
1717059819,1.07927,1.0793,0.0,0,1717059819529,130,0.0
1717059820,1.07926,1.0793,0.0,0,1717059820015,130,0.0
1717059820,1.07926,1.07929,0.0,0,1717059820348,4,0.0
1717059820,1.07925,1.07928,0.0,0,1717059820564,134,0.0
1717059820,1.07925,1.07929,0.0,0,1717059820627,4,0.0
1717059821,1.07926,1.0793,0.0,0,1717059821128,134,0.0
1717059821,1.07926,1.07929,0.0,0,1717059821349,4,0.0
1717059821,1.07926,1.0793,0.0,0,1717059821745,4,0.0
1717059822,1.07926,1.07929,0.0,0,1717059822066,4,0.0
1717059823,1.07925,1.07929,0.0,0,1717059823691,130,0.0
1717059823,1.07926,1.07929,0.0,0,1717059823864,130,0.0
1717059823,1.07926,1.0793,0.0,0,1717059823933,4,0.0
1717059824,1.07926,1.07929,0.0,0,1717059824191,4,0.0
1717059825,1.07926,1.0793,0.0,0,1717059825522,4,0.0
1717059825,1.07926,1.07929,0.0,0,1717059825849,4,0.0
1717059826,1.07927,1.07929,0.0,0,1717059826151,130,0.0
1717059826,1.07926,1.07929,0.0,0,1717059826492,130,0.0
1717059826,1.07926,1.07928,0.0,0,1717059826574,4,0.0
1717059826,1.07923,1.07925,0.0,0,1717059826848,134,0.0
1717059827,1.07922,1.07925,0.0,0,1717059827196,130,0.0
1717059828,1.07921,1.07925,0.0,0,1717059828364,130,0.0
1717059831,1.07922,1.07925,0.0,0,1717059831529,130,0.0
1717059831,1.07922,1.07924,0.0,0,1717059831764,4,0.0
1717059832,1.07923,1.07926,0.0,0,1717059832167,134,0.0
1717059834,1.07923,1.07925,0.0,0,1717059834565,4,0.0
1717059834,1.07922,1.07925,0.0,0,1717059834747,130,0.0
1717059834,1.07922,1.07924,0.0,0,1717059834747,4,0.0
1717059835,1.07922,1.07925,0.0,0,1717059835084,4,0.0
1717059840,1.07924,1.07926,0.0,0,1717059840343,134,0.0
1717059840,1.07925,1.07927,0.0,0,1717059840361,134,0.0
1717059840,1.07926,1.07928,0.0,0,1717059840697,134,0.0
1717059840,1.07927,1.07929,0.0,0,1717059840907,134,0.0
1717059841,1.07926,1.0793,0.0,0,1717059841363,134,0.0
1717059841,1.07926,1.07929,0.0,0,1717059841964,4,0.0
1717059842,1.07925,1.07929,0.0,0,1717059842202,130,0.0
1717059842,1.07926,1.07929,0.0,0,1717059842496,130,0.0
1717059842,1.07925,1.07929,0.0,0,1717059842731,130,0.0
1717059843,1.07926,1.07929,0.0,0,1717059843734,130,0.0
1717059844,1.07925,1.07929,0.0,0,1717059844300,130,0.0
1717059844,1.07926,1.07929,0.0,0,1717059844401,130,0.0
1717059844,1.07925,1.07929,0.0,0,1717059844769,130,0.0
1717059845,1.07925,1.07928,0.0,0,1717059845464,4,0.0
1717059845,1.07922,1.07925,0.0,0,1717059845640,134,0.0
1717059846,1.07922,1.07926,0.0,0,1717059846528,4,0.0
1717059846,1.07923,1.07926,0.0,0,1717059846987,130,0.0
1717059847,1.07923,1.07927,0.0,0,1717059847895,4,0.0
1717059848,1.07925,1.07929,0.0,0,1717059848002,134,0.0
1717059848,1.07927,1.0793,0.0,0,1717059848281,134,0.0
1717059848,1.07926,1.0793,0.0,0,1717059848456,130,0.0
1717059848,1.07923,1.07926,0.0,0,1717059848613,134,0.0
1717059848,1.07922,1.07925,0.0,0,1717059848634,134,0.0
1717059849,1.07921,1.07925,0.0,0,1717059849396,130,0.0
1717059849,1.07922,1.07925,0.0,0,1717059849602,130,0.0
1717059849,1.07921,1.07925,0.0,0,1717059849826,130,0.0
1717059850,1.07922,1.07925,0.0,0,1717059850447,130,0.0
1717059850,1.07921,1.07925,0.0,0,1717059850590,130,0.0
1717059851,1.07922,1.07925,0.0,0,1717059851950,130,0.0
1717059852,1.07922,1.07924,0.0,0,1717059852908,4,0.0
1717059853,1.07922,1.07925,0.0,0,1717059853211,4,0.0
1717059853,1.07924,1.07926,0.0,0,1717059853613,134,0.0
1717059853,1.07923,1.07925,0.0,0,1717059853926,134,0.0
1717059854,1.07922,1.07924,0.0,0,1717059854427,134,0.0
1717059858,1.07923,1.07925,0.0,0,1717059858883,134,0.0
1717059859,1.07924,1.07926,0.0,0,1717059859180,134,0.0
1717059859,1.07923,1.07925,0.0,0,1717059859550,134,0.0
1717059864,1.07922,1.07924,0.0,0,1717059864150,134,0.0
1717059864,1.07923,1.07925,0.0,0,1717059864839,134,0.0
1717059871,1.07924,1.07926,0.0,0,1717059871066,134,0.0
1717059871,1.07926,1.07928,0.0,0,1717059871436,134,0.0
1717059871,1.07925,1.07927,0.0,0,1717059871711,134,0.0
1717059871,1.07924,1.07926,0.0,0,1717059871909,134,0.0
1717059872,1.07926,1.07928,0.0,0,1717059872407,134,0.0
1717059872,1.07927,1.07929,0.0,0,1717059872690,134,0.0
1717059873,1.07925,1.07928,0.0,0,1717059873788,134,0.0
1717059874,1.07926,1.07928,0.0,0,1717059874027,130,0.0
1717059877,1.07927,1.07929,0.0,0,1717059877357,134,0.0
1717059878,1.07926,1.07928,0.0,0,1717059878812,134,0.0
1717059878,1.07924,1.07926,0.0,0,1717059878972,134,0.0
1717059878,1.07923,1.07925,0.0,0,1717059878985,134,0.0
1717059879,1.07923,1.07927,0.0,0,1717059879663,4,0.0
1717059879,1.07922,1.07925,0.0,0,1717059879972,134,0.0
1717059879,1.07921,1.07925,0.0,0,1717059879988,130,0.0
1717059880,1.07921,1.07924,0.0,0,1717059880297,4,0.0
1717059880,1.07921,1.07925,0.0,0,1717059880542,4,0.0
1717059884,1.0792,1.07924,0.0,0,1717059884068,134,0.0
1717059884,1.07918,1.07922,0.0,0,1717059884268,134,0.0
1717059884,1.07921,1.07925,0.0,0,1717059884269,134,0.0
1717059893,1.07923,1.07925,0.0,0,1717059893163,130,0.0
1717059893,1.07922,1.07924,0.0,0,1717059893511,134,0.0
1717059895,1.07923,1.07925,0.0,0,1717059895890,134,0.0
1717059896,1.07922,1.07924,0.0,0,1717059896466,134,0.0
1717059896,1.07923,1.07925,0.0,0,1717059896782,134,0.0
1717059897,1.07922,1.07924,0.0,0,1717059897034,134,0.0
1717059897,1.07923,1.07925,0.0,0,1717059897449,134,0.0
1717059897,1.07922,1.07924,0.0,0,1717059897464,134,0.0
1717059898,1.07923,1.07925,0.0,0,1717059898510,134,0.0
1717059898,1.07922,1.07924,0.0,0,1717059898768,134,0.0
1717059899,1.07923,1.07925,0.0,0,1717059899323,134,0.0
1717059901,1.07924,1.07926,0.0,0,1717059901001,134,0.0
1717059901,1.07927,1.07929,0.0,0,1717059901255,134,0.0
1717059901,1.07927,1.07931,0.0,0,1717059901414,4,0.0
1717059901,1.07927,1.0793,0.0,0,1717059901564,4,0.0
1717059901,1.07925,1.07929,0.0,0,1717059901967,134,0.0
1717059902,1.07926,1.0793,0.0,0,1717059902082,134,0.0
1717059902,1.07927,1.0793,0.0,0,1717059902467,130,0.0
1717059903,1.07926,1.07929,0.0,0,1717059903749,134,0.0
1717059904,1.07926,1.0793,0.0,0,1717059904301,4,0.0
1717059905,1.07927,1.0793,0.0,0,1717059905081,130,0.0
1717059905,1.07926,1.0793,0.0,0,1717059905380,130,0.0
1717059905,1.07926,1.07929,0.0,0,1717059905627,4,0.0
1717059906,1.07925,1.07929,0.0,0,1717059906583,130,0.0
1717059906,1.07925,1.07928,0.0,0,1717059906682,4,0.0
1717059906,1.07924,1.07928,0.0,0,1717059906795,130,0.0
1717059907,1.07924,1.07927,0.0,0,1717059907039,4,0.0
1717059907,1.07924,1.07928,0.0,0,1717059907100,4,0.0
1717059907,1.07926,1.07929,0.0,0,1717059907398,134,0.0
1717059909,1.07927,1.07931,0.0,0,1717059909126,134,0.0
1717059909,1.07927,1.0793,0.0,0,1717059909380,4,0.0
1717059910,1.07926,1.0793,0.0,0,1717059910318,130,0.0
1717059910,1.07926,1.07929,0.0,0,1717059910665,4,0.0
1717059911,1.07926,1.0793,0.0,0,1717059911019,4,0.0
1717059911,1.07926,1.07929,0.0,0,1717059911643,4,0.0
1717059911,1.07926,1.0793,0.0,0,1717059911968,4,0.0
1717059912,1.07926,1.07929,0.0,0,1717059912797,4,0.0
1717059912,1.07927,1.0793,0.0,0,1717059912971,134,0.0
1717059914,1.07927,1.07929,0.0,0,1717059914007,4,0.0
1717059914,1.07927,1.0793,0.0,0,1717059914280,4,0.0
1717059914,1.07927,1.07929,0.0,0,1717059914837,4,0.0
1717059916,1.07926,1.07928,0.0,0,1717059916258,134,0.0
1717059916,1.07927,1.07929,0.0,0,1717059916924,134,0.0
1717059918,1.07928,1.0793,0.0,0,1717059918958,134,0.0
1717059920,1.07929,1.07931,0.0,0,1717059920246,134,0.0
1717059920,1.07931,1.07933,0.0,0,1717059920559,134,0.0
1717059921,1.0793,1.07934,0.0,0,1717059921222,134,0.0
1717059921,1.07931,1.07934,0.0,0,1717059921528,130,0.0
1717059922,1.07931,1.07935,0.0,0,1717059922496,4,0.0
1717059922,1.07932,1.07935,0.0,0,1717059922724,130,0.0
1717059923,1.07931,1.07935,0.0,0,1717059923541,130,0.0
1717059923,1.07931,1.07934,0.0,0,1717059923850,4,0.0
1717059924,1.07931,1.07935,0.0,0,1717059924148,4,0.0
1717059924,1.07932,1.07935,0.0,0,1717059924322,130,0.0
1717059924,1.07931,1.07935,0.0,0,1717059924527,130,0.0
1717059924,1.07932,1.07935,0.0,0,1717059924840,130,0.0
1717059926,1.07932,1.07934,0.0,0,1717059926972,4,0.0
1717059927,1.07931,1.07934,0.0,0,1717059927150,130,0.0
1717059927,1.0793,1.07934,0.0,0,1717059927509,130,0.0
1717059927,1.07931,1.07934,0.0,0,1717059927800,130,0.0
1717059927,1.07932,1.07935,0.0,0,1717059927800,134,0.0
1717059928,1.07931,1.07935,0.0,0,1717059928696,130,0.0
1717059928,1.07932,1.07935,0.0,0,1717059928916,130,0.0
1717059929,1.07932,1.07934,0.0,0,1717059929311,4,0.0
1717059930,1.07932,1.07935,0.0,0,1717059930277,4,0.0
1717059933,1.07934,1.07936,0.0,0,1717059933043,134,0.0
1717059933,1.07935,1.07937,0.0,0,1717059933096,134,0.0
1717059936,1.07936,1.07938,0.0,0,1717059936754,134,0.0
1717059937,1.07935,1.07937,0.0,0,1717059937725,134,0.0
1717059940,1.07936,1.07938,0.0,0,1717059940398,134,0.0
1717059946,1.07937,1.07939,0.0,0,1717059946179,134,0.0
1717059948,1.07936,1.07938,0.0,0,1717059948614,134,0.0
1717059950,1.07937,1.07939,0.0,0,1717059950912,134,0.0
1717059952,1.07933,1.07935,0.0,0,1717059952946,134,0.0
1717059953,1.07932,1.07936,0.0,0,1717059953648,134,0.0
1717059955,1.07932,1.07935,0.0,0,1717059955955,4,0.0
1717059956,1.07931,1.07935,0.0,0,1717059956525,130,0.0
1717059956,1.07932,1.07935,0.0,0,1717059956865,130,0.0
1717059960,1.07933,1.07935,0.0,0,1717059960210,130,0.0
1717059960,1.07932,1.07935,0.0,0,1717059960726,130,0.0
1717059960,1.07933,1.07935,0.0,0,1717059960907,130,0.0
1717059962,1.07932,1.07935,0.0,0,1717059962649,130,0.0
1717059964,1.07934,1.07936,0.0,0,1717059964265,134,0.0
1717059965,1.07933,1.07935,0.0,0,1717059965128,134,0.0
1717059969,1.07932,1.07934,0.0,0,1717059969464,134,0.0
1717059970,1.07933,1.07935,0.0,0,1717059970130,134,0.0
1717059975,1.07936,1.07938,0.0,0,1717059975692,134,0.0
1717059975,1.07937,1.07939,0.0,0,1717059975692,134,0.0
1717059975,1.07936,1.07938,0.0,0,1717059975982,134,0.0
1717059976,1.07937,1.07939,0.0,0,1717059976052,134,0.0
1717059976,1.07936,1.07938,0.0,0,1717059976643,134,0.0
1717059976,1.07937,1.07939,0.0,0,1717059976710,134,0.0
1717059976,1.07936,1.07938,0.0,0,1717059976975,134,0.0
1717059977,1.07936,1.07939,0.0,0,1717059977618,4,0.0
1717059978,1.07935,1.07939,0.0,0,1717059978066,130,0.0
1717059978,1.07936,1.07939,0.0,0,1717059978366,130,0.0
1717059978,1.07936,1.0794,0.0,0,1717059978626,4,0.0
1717059978,1.07936,1.07939,0.0,0,1717059978675,4,0.0
1717059978,1.07936,1.0794,0.0,0,1717059978963,4,0.0
1717059979,1.07936,1.07939,0.0,0,1717059979049,4,0.0
1717059979,1.07936,1.0794,0.0,0,1717059979307,4,0.0
1717059980,1.07937,1.0794,0.0,0,1717059980559,130,0.0
1717059983,1.07938,1.07941,0.0,0,1717059983524,134,0.0
1717059985,1.07937,1.07941,0.0,0,1717059985165,130,0.0
1717059985,1.07937,1.0794,0.0,0,1717059985245,4,0.0
1717059985,1.07936,1.07939,0.0,0,1717059985655,134,0.0
1717059985,1.07935,1.07939,0.0,0,1717059985912,130,0.0
1717059986,1.07936,1.07939,0.0,0,1717059986410,130,0.0
1717059986,1.07936,1.0794,0.0,0,1717059986810,4,0.0
1717059987,1.07937,1.0794,0.0,0,1717059987164,130,0.0
1717059988,1.07936,1.0794,0.0,0,1717059988004,130,0.0
1717059990,1.07936,1.07939,0.0,0,1717059990054,4,0.0
1717059990,1.07936,1.0794,0.0,0,1717059990243,4,0.0
1717059990,1.07936,1.07939,0.0,0,1717059990521,4,0.0
1717059990,1.07936,1.0794,0.0,0,1717059990959,4,0.0
1717059991,1.07937,1.0794,0.0,0,1717059991680,130,0.0
1717059993,1.07938,1.0794,0.0,0,1717059993829,130,0.0
1717059994,1.07939,1.07941,0.0,0,1717059994754,134,0.0
1717059994,1.0794,1.07942,0.0,0,1717059994802,134,0.0
1717059994,1.07941,1.07943,0.0,0,1717059994822,134,0.0
1717059995,1.0794,1.07942,0.0,0,1717059995543,134,0.0
1717059999,1.07939,1.07942,0.0,0,1717059999000,130,0.0
1717059999,1.07936,1.0794,0.0,0,1717059999094,134,0.0
1717059999,1.07937,1.0794,0.0,0,1717059999410,130,0.0
1717059999,1.07938,1.07942,0.0,0,1717059999495,134,0.0
1717059999,1.07938,1.07941,0.0,0,1717059999749,4,0.0
1717059999,1.07938,1.07942,0.0,0,1717059999844,4,0.0
1717060000,1.0794,1.07944,0.0,0,1717060000094,134,0.0
1717060000,1.07941,1.07944,0.0,0,1717060000688,130,0.0
1717060000,1.07941,1.07945,0.0,0,1717060000892,4,0.0
1717060001,1.07942,1.07945,0.0,0,1717060001077,130,0.0
1717060001,1.07941,1.07945,0.0,0,1717060001366,130,0.0
1717060002,1.07942,1.07945,0.0,0,1717060002051,130,0.0
1717060002,1.07943,1.07947,0.0,0,1717060002566,134,0.0
1717060002,1.07942,1.07946,0.0,0,1717060002766,134,0.0
1717060002,1.07943,1.07946,0.0,0,1717060002923,130,0.0
1717060003,1.07944,1.07947,0.0,0,1717060003069,134,0.0
1717060003,1.07944,1.07948,0.0,0,1717060003172,4,0.0
1717060003,1.07945,1.07948,0.0,0,1717060003844,130,0.0
1717060004,1.07945,1.07949,0.0,0,1717060004045,4,0.0
1717060005,1.07945,1.07948,0.0,0,1717060005095,4,0.0
1717060005,1.07944,1.07948,0.0,0,1717060005365,130,0.0
1717060007,1.07945,1.07948,0.0,0,1717060007009,130,0.0
1717060007,1.07946,1.0795,0.0,0,1717060007327,134,0.0
1717060008,1.07947,1.0795,0.0,0,1717060008032,130,0.0
1717060009,1.07947,1.07951,0.0,0,1717060009065,4,0.0
1717060009,1.07947,1.0795,0.0,0,1717060009305,4,0.0
1717060009,1.07946,1.0795,0.0,0,1717060009428,130,0.0
1717060009,1.07946,1.07949,0.0,0,1717060009933,4,0.0
1717060010,1.07946,1.0795,0.0,0,1717060010160,4,0.0
1717060011,1.07947,1.0795,0.0,0,1717060011463,130,0.0
1717060012,1.07947,1.07951,0.0,0,1717060012195,4,0.0
1717060012,1.07947,1.0795,0.0,0,1717060012357,4,0.0
1717060013,1.07948,1.0795,0.0,0,1717060013139,130,0.0
1717060013,1.07949,1.07951,0.0,0,1717060013269,134,0.0
1717060014,1.07948,1.07951,0.0,0,1717060014040,130,0.0
1717060014,1.07947,1.0795,0.0,0,1717060014264,134,0.0
1717060014,1.07948,1.07951,0.0,0,1717060014605,134,0.0
1717060014,1.07949,1.07951,0.0,0,1717060014749,130,0.0
1717060014,1.07951,1.07954,0.0,0,1717060014973,134,0.0
1717060015,1.07952,1.07955,0.0,0,1717060015266,134,0.0
1717060015,1.0795,1.07954,0.0,0,1717060015354,134,0.0
1717060015,1.07949,1.07953,0.0,0,1717060015588,134,0.0
1717060015,1.07951,1.07954,0.0,0,1717060015946,134,0.0
1717060016,1.0795,1.07954,0.0,0,1717060016228,130,0.0
1717060016,1.07948,1.07952,0.0,0,1717060016311,134,0.0
1717060016,1.07949,1.07952,0.0,0,1717060016574,130,0.0
1717060016,1.07949,1.07953,0.0,0,1717060016680,4,0.0
1717060018,1.07948,1.07952,0.0,0,1717060018210,134,0.0
1717060018,1.07947,1.07951,0.0,0,1717060018292,134,0.0
1717060018,1.07946,1.0795,0.0,0,1717060018556,134,0.0
1717060019,1.07947,1.0795,0.0,0,1717060019235,130,0.0
1717060019,1.07946,1.0795,0.0,0,1717060019809,130,0.0
1717060019,1.07946,1.07949,0.0,0,1717060019993,4,0.0
1717060020,1.07946,1.0795,0.0,0,1717060020210,134,0.0
1717060020,1.07946,1.07949,0.0,0,1717060020323,4,0.0
1717060022,1.07946,1.0795,0.0,0,1717060022275,4,0.0
1717060022,1.07947,1.0795,0.0,0,1717060022532,130,0.0
1717060022,1.07943,1.07946,0.0,0,1717060022539,134,0.0
1717060022,1.07942,1.07945,0.0,0,1717060022838,134,0.0
1717060023,1.07941,1.07945,0.0,0,1717060023181,130,0.0
1717060027,1.07942,1.07945,0.0,0,1717060027802,130,0.0
1717060028,1.07941,1.07945,0.0,0,1717060028122,130,0.0
1717060029,1.07942,1.07945,0.0,0,1717060029511,130,0.0
1717060029,1.07944,1.07948,0.0,0,1717060029788,134,0.0
1717060029,1.07943,1.07947,0.0,0,1717060029871,134,0.0
1717060030,1.07942,1.07946,0.0,0,1717060030106,134,0.0
1717060030,1.07943,1.07946,0.0,0,1717060030178,130,0.0
1717060030,1.07945,1.07949,0.0,0,1717060030449,134,0.0
1717060030,1.07945,1.07948,0.0,0,1717060030889,4,0.0
1717060031,1.07945,1.07949,0.0,0,1717060031106,4,0.0
1717060031,1.07944,1.07947,0.0,0,1717060031265,134,0.0
1717060031,1.07945,1.07949,0.0,0,1717060031542,134,0.0
1717060031,1.07945,1.07948,0.0,0,1717060031793,4,0.0
1717060032,1.07945,1.07949,0.0,0,1717060032098,4,0.0
1717060032,1.07941,1.07945,0.0,0,1717060032147,134,0.0
1717060032,1.07942,1.07946,0.0,0,1717060032409,134,0.0
1717060032,1.07942,1.07945,0.0,0,1717060032469,4,0.0
1717060032,1.07941,1.07945,0.0,0,1717060032795,130,0.0
1717060032,1.07942,1.07945,0.0,0,1717060032880,130,0.0
1717060033,1.07943,1.07947,0.0,0,1717060033750,134,0.0
1717060033,1.07944,1.07947,0.0,0,1717060033794,130,0.0
1717060034,1.07944,1.07948,0.0,0,1717060034380,4,0.0
1717060034,1.07945,1.07948,0.0,0,1717060034596,130,0.0
1717060034,1.07945,1.07949,0.0,0,1717060034740,4,0.0
1717060036,1.07946,1.07949,0.0,0,1717060036463,130,0.0
1717060036,1.07945,1.07948,0.0,0,1717060036823,134,0.0
1717060037,1.07945,1.07949,0.0,0,1717060037328,4,0.0
1717060039,1.07946,1.07949,0.0,0,1717060039626,130,0.0
1717060040,1.07947,1.07949,0.0,0,1717060040570,130,0.0
1717060040,1.07947,1.0795,0.0,0,1717060040678,4,0.0
1717060040,1.07947,1.07949,0.0,0,1717060040805,4,0.0
1717060040,1.07946,1.07949,0.0,0,1717060040992,130,0.0
1717060041,1.07947,1.07949,0.0,0,1717060041349,130,0.0
1717060042,1.07944,1.07946,0.0,0,1717060042665,134,0.0
1717060042,1.07943,1.07945,0.0,0,1717060042975,134,0.0
1717060043,1.07941,1.07945,0.0,0,1717060043814,130,0.0
1717060044,1.07942,1.07945,0.0,0,1717060044727,130,0.0
1717060047,1.07941,1.07945,0.0,0,1717060047063,130,0.0
1717060047,1.07942,1.07945,0.0,0,1717060047263,130,0.0
1717060047,1.07941,1.07945,0.0,0,1717060047263,130,0.0
1717060047,1.07942,1.07945,0.0,0,1717060047593,130,0.0
1717060047,1.07943,1.07946,0.0,0,1717060047801,134,0.0
1717060047,1.07945,1.07949,0.0,0,1717060047934,134,0.0
1717060048,1.07946,1.07949,0.0,0,1717060048479,130,0.0
1717060049,1.07946,1.0795,0.0,0,1717060049915,4,0.0
1717060052,1.07947,1.0795,0.0,0,1717060052623,130,0.0
1717060052,1.07948,1.07951,0.0,0,1717060052979,134,0.0
1717060053,1.07947,1.07951,0.0,0,1717060053220,130,0.0
1717060053,1.07947,1.0795,0.0,0,1717060053367,4,0.0
1717060055,1.07947,1.07949,0.0,0,1717060055635,4,0.0
1717060055,1.07946,1.07949,0.0,0,1717060055862,130,0.0
1717060055,1.07947,1.0795,0.0,0,1717060055964,134,0.0
1717060058,1.07947,1.07949,0.0,0,1717060058774,4,0.0
1717060058,1.07948,1.0795,0.0,0,1717060058821,134,0.0
1717060059,1.07947,1.07949,0.0,0,1717060059762,134,0.0
1717060060,1.07949,1.07951,0.0,0,1717060060140,134,0.0
1717060060,1.07948,1.0795,0.0,0,1717060060479,134,0.0
1717060062,1.07947,1.07949,0.0,0,1717060062078,134,0.0
1717060062,1.07945,1.07947,0.0,0,1717060062127,134,0.0
1717060062,1.07944,1.07946,0.0,0,1717060062785,134,0.0
1717060063,1.07942,1.07944,0.0,0,1717060063119,134,0.0
1717060064,1.07941,1.07945,0.0,0,1717060064106,134,0.0
1717060064,1.07942,1.07945,0.0,0,1717060064433,130,0.0
1717060065,1.07943,1.07946,0.0,0,1717060065050,134,0.0
1717060066,1.07943,1.07947,0.0,0,1717060066397,4,0.0
1717060066,1.07943,1.07946,0.0,0,1717060066722,4,0.0
1717060067,1.07945,1.07948,0.0,0,1717060067437,134,0.0
1717060067,1.07945,1.07949,0.0,0,1717060067437,4,0.0
1717060067,1.07946,1.07949,0.0,0,1717060067727,130,0.0
1717060068,1.07946,1.0795,0.0,0,1717060068064,4,0.0
1717060068,1.07946,1.07949,0.0,0,1717060068162,4,0.0
1717060068,1.07946,1.0795,0.0,0,1717060068396,4,0.0
1717060068,1.07946,1.07949,0.0,0,1717060068435,4,0.0
1717060069,1.07946,1.0795,0.0,0,1717060069064,4,0.0
1717060069,1.07945,1.07949,0.0,0,1717060069379,134,0.0
1717060070,1.07946,1.07949,0.0,0,1717060070579,130,0.0
1717060070,1.07947,1.07949,0.0,0,1717060070706,130,0.0
1717060070,1.07946,1.07949,0.0,0,1717060070947,130,0.0
1717060072,1.07947,1.07949,0.0,0,1717060072281,130,0.0
1717060072,1.07947,1.0795,0.0,0,1717060072681,4,0.0
1717060073,1.07948,1.0795,0.0,0,1717060073385,130,0.0
1717060073,1.07947,1.0795,0.0,0,1717060073671,130,0.0
1717060073,1.07947,1.07949,0.0,0,1717060073812,4,0.0
1717060074,1.07947,1.0795,0.0,0,1717060074009,4,0.0
1717060074,1.07946,1.07949,0.0,0,1717060074332,134,0.0
1717060074,1.07946,1.0795,0.0,0,1717060074431,4,0.0
1717060074,1.07946,1.07949,0.0,0,1717060074665,4,0.0
1717060074,1.07945,1.07949,0.0,0,1717060074679,130,0.0
1717060074,1.07946,1.07949,0.0,0,1717060074979,130,0.0
1717060075,1.07946,1.0795,0.0,0,1717060075148,4,0.0
1717060076,1.07946,1.07949,0.0,0,1717060076411,4,0.0
1717060076,1.07945,1.07949,0.0,0,1717060076633,130,0.0
1717060076,1.07945,1.07948,0.0,0,1717060076726,4,0.0
1717060077,1.07945,1.07949,0.0,0,1717060077044,4,0.0
1717060077,1.07944,1.07948,0.0,0,1717060077753,134,0.0
1717060077,1.07944,1.07947,0.0,0,1717060077971,4,0.0
1717060078,1.07944,1.07948,0.0,0,1717060078148,4,0.0
1717060078,1.07945,1.07948,0.0,0,1717060078295,130,0.0
1717060078,1.07946,1.0795,0.0,0,1717060078611,134,0.0
1717060078,1.07946,1.07949,0.0,0,1717060078711,4,0.0
1717060079,1.07946,1.07948,0.0,0,1717060079697,4,0.0
1717060079,1.07945,1.07947,0.0,0,1717060079921,134,0.0
1717060080,1.07945,1.07948,0.0,0,1717060080100,134,0.0
1717060080,1.07945,1.07947,0.0,0,1717060080263,4,0.0
1717060080,1.07945,1.07948,0.0,0,1717060080712,4,0.0
1717060081,1.07944,1.07946,0.0,0,1717060081183,134,0.0
1717060081,1.07942,1.07944,0.0,0,1717060081265,134,0.0
1717060081,1.07943,1.07946,0.0,0,1717060081593,134,0.0
1717060081,1.07944,1.07946,0.0,0,1717060081913,130,0.0
1717060082,1.07943,1.07946,0.0,0,1717060082615,130,0.0
1717060082,1.07942,1.07946,0.0,0,1717060082955,130,0.0
1717060082,1.07941,1.07944,0.0,0,1717060082999,134,0.0
1717060083,1.0794,1.07944,0.0,0,1717060083293,130,0.0
1717060083,1.07941,1.07944,0.0,0,1717060083566,130,0.0
1717060083,1.07941,1.07945,0.0,0,1717060083649,4,0.0
1717060084,1.07941,1.07944,0.0,0,1717060084263,4,0.0
1717060084,1.07941,1.07945,0.0,0,1717060084552,4,0.0
1717060084,1.07942,1.07945,0.0,0,1717060084778,130,0.0
1717060084,1.07942,1.07946,0.0,0,1717060084908,4,0.0
1717060085,1.07942,1.07945,0.0,0,1717060085054,4,0.0
1717060085,1.07941,1.07945,0.0,0,1717060085392,130,0.0
1717060086,1.07942,1.07945,0.0,0,1717060086027,130,0.0
1717060086,1.07941,1.07945,0.0,0,1717060086329,130,0.0
1717060086,1.07942,1.07945,0.0,0,1717060086570,130,0.0
1717060087,1.07942,1.07946,0.0,0,1717060087450,4,0.0
1717060087,1.07943,1.07946,0.0,0,1717060087615,130,0.0
1717060087,1.07943,1.07947,0.0,0,1717060087851,4,0.0
1717060088,1.07944,1.07947,0.0,0,1717060088330,130,0.0
1717060091,1.07945,1.07947,0.0,0,1717060091498,130,0.0
1717060091,1.07946,1.07948,0.0,0,1717060091823,134,0.0
1717060093,1.07945,1.07948,0.0,0,1717060093218,130,0.0
1717060093,1.07946,1.07948,0.0,0,1717060093835,130,0.0
1717060094,1.07947,1.07949,0.0,0,1717060094236,134,0.0
1717060094,1.07946,1.07948,0.0,0,1717060094480,134,0.0
1717060094,1.07946,1.07949,0.0,0,1717060094776,4,0.0
1717060094,1.07947,1.0795,0.0,0,1717060094823,134,0.0
1717060095,1.07947,1.07949,0.0,0,1717060095115,4,0.0
1717060096,1.07948,1.0795,0.0,0,1717060096824,134,0.0
1717060097,1.07947,1.07949,0.0,0,1717060097393,134,0.0
1717060099,1.07948,1.0795,0.0,0,1717060099092,134,0.0
1717060099,1.07947,1.07949,0.0,0,1717060099924,134,0.0
1717060100,1.07948,1.0795,0.0,0,1717060100054,134,0.0
1717060100,1.07947,1.07949,0.0,0,1717060100123,134,0.0
1717060100,1.07944,1.07946,0.0,0,1717060100484,134,0.0
1717060100,1.07945,1.07947,0.0,0,1717060100748,134,0.0
1717060101,1.07947,1.07949,0.0,0,1717060101062,134,0.0
1717060101,1.07946,1.0795,0.0,0,1717060101124,134,0.0
1717060101,1.07946,1.07949,0.0,0,1717060101425,4,0.0
1717060102,1.07946,1.0795,0.0,0,1717060102100,4,0.0
1717060102,1.07946,1.07949,0.0,0,1717060102379,4,0.0
1717060102,1.07945,1.07949,0.0,0,1717060102481,130,0.0
1717060103,1.07946,1.07949,0.0,0,1717060103254,130,0.0
1717060103,1.07946,1.0795,0.0,0,1717060103363,4,0.0
1717060103,1.07946,1.07949,0.0,0,1717060103821,4,0.0
1717060104,1.07946,1.0795,0.0,0,1717060104475,4,0.0
1717060104,1.07946,1.07949,0.0,0,1717060104811,4,0.0
1717060105,1.07944,1.07947,0.0,0,1717060105112,134,0.0
1717060105,1.07944,1.07948,0.0,0,1717060105133,4,0.0
1717060105,1.07946,1.07949,0.0,0,1717060105363,134,0.0
1717060105,1.07947,1.07949,0.0,0,1717060105548,130,0.0
1717060106,1.07947,1.0795,0.0,0,1717060106626,4,0.0
1717060106,1.07947,1.07949,0.0,0,1717060106991,4,0.0
1717060107,1.07947,1.0795,0.0,0,1717060107113,4,0.0
1717060107,1.07947,1.07949,0.0,0,1717060107325,4,0.0
1717060107,1.07946,1.07949,0.0,0,1717060107693,130,0.0
1717060108,1.07947,1.07949,0.0,0,1717060108579,130,0.0
1717060109,1.07948,1.0795,0.0,0,1717060109968,134,0.0
1717060113,1.07949,1.07951,0.0,0,1717060113166,134,0.0
1717060113,1.07948,1.0795,0.0,0,1717060113651,134,0.0
1717060114,1.07947,1.07949,0.0,0,1717060114919,134,0.0
1717060115,1.07946,1.07948,0.0,0,1717060115244,134,0.0
1717060116,1.07947,1.07949,0.0,0,1717060116237,134,0.0
1717060116,1.07948,1.0795,0.0,0,1717060116910,134,0.0
1717060117,1.07947,1.07949,0.0,0,1717060117693,134,0.0
1717060118,1.07946,1.07948,0.0,0,1717060118180,134,0.0
1717060118,1.07947,1.07949,0.0,0,1717060118537,134,0.0
1717060119,1.07946,1.07948,0.0,0,1717060119879,134,0.0
1717060120,1.07945,1.07947,0.0,0,1717060120315,134,0.0
1717060120,1.07946,1.07948,0.0,0,1717060120591,134,0.0
1717060120,1.07945,1.07947,0.0,0,1717060120855,134,0.0
1717060121,1.07944,1.07947,0.0,0,1717060121245,130,0.0
1717060121,1.07945,1.07947,0.0,0,1717060121548,130,0.0
1717060121,1.07945,1.07948,0.0,0,1717060121841,4,0.0
1717060122,1.07945,1.07947,0.0,0,1717060122153,4,0.0
1717060122,1.07942,1.07944,0.0,0,1717060122250,134,0.0
1717060122,1.07943,1.07946,0.0,0,1717060122527,134,0.0
1717060123,1.07943,1.07945,0.0,0,1717060123032,4,0.0
1717060123,1.07942,1.07945,0.0,0,1717060123156,130,0.0
1717060123,1.07942,1.07946,0.0,0,1717060123332,4,0.0
1717060123,1.07942,1.07945,0.0,0,1717060123782,4,0.0
1717060123,1.07941,1.07945,0.0,0,1717060123865,130,0.0
1717060124,1.07941,1.07944,0.0,0,1717060124174,4,0.0
1717060124,1.07942,1.07944,0.0,0,1717060124205,130,0.0
1717060124,1.07942,1.07945,0.0,0,1717060124630,4,0.0
1717060124,1.07942,1.07944,0.0,0,1717060124817,4,0.0
1717060124,1.07942,1.07945,0.0,0,1717060124865,4,0.0
1717060125,1.07942,1.07944,0.0,0,1717060125176,4,0.0
1717060126,1.07942,1.07945,0.0,0,1717060126526,4,0.0
1717060126,1.07943,1.07945,0.0,0,1717060126808,130,0.0
1717060126,1.07943,1.07946,0.0,0,1717060126841,4,0.0
1717060127,1.07943,1.07945,0.0,0,1717060127124,4,0.0
1717060127,1.07943,1.07946,0.0,0,1717060127124,4,0.0
1717060128,1.07942,1.07945,0.0,0,1717060128266,134,0.0
1717060128,1.07942,1.07944,0.0,0,1717060128481,4,0.0
1717060128,1.07941,1.07944,0.0,0,1717060128751,130,0.0
1717060128,1.0794,1.07943,0.0,0,1717060128833,134,0.0
1717060129,1.07941,1.07943,0.0,0,1717060129121,130,0.0
1717060129,1.07941,1.07944,0.0,0,1717060129515,4,0.0
1717060129,1.07942,1.07945,0.0,0,1717060129764,134,0.0
1717060130,1.07942,1.07944,0.0,0,1717060130095,4,0.0
1717060130,1.07941,1.07944,0.0,0,1717060130161,130,0.0
1717060130,1.07942,1.07944,0.0,0,1717060130565,130,0.0
1717060130,1.07942,1.07945,0.0,0,1717060130749,4,0.0
1717060130,1.07942,1.07944,0.0,0,1717060130749,4,0.0
1717060131,1.07941,1.07944,0.0,0,1717060131083,130,0.0
1717060131,1.07942,1.07945,0.0,0,1717060131415,134,0.0
1717060131,1.07943,1.07945,0.0,0,1717060131616,130,0.0
1717060131,1.07944,1.07947,0.0,0,1717060131763,134,0.0
1717060131,1.07944,1.07946,0.0,0,1717060131825,4,0.0
1717060132,1.07942,1.07945,0.0,0,1717060132127,134,0.0
1717060132,1.07943,1.07945,0.0,0,1717060132128,130,0.0
1717060132,1.07945,1.07947,0.0,0,1717060132410,134,0.0
1717060133,1.07943,1.07947,0.0,0,1717060133378,130,0.0
1717060133,1.07943,1.07946,0.0,0,1717060133611,4,0.0
1717060133,1.07942,1.07945,0.0,0,1717060133779,134,0.0
1717060134,1.07943,1.07946,0.0,0,1717060134492,134,0.0
1717060134,1.07942,1.07945,0.0,0,1717060134707,134,0.0
1717060135,1.07942,1.07944,0.0,0,1717060135740,4,0.0
1717060136,1.07942,1.07945,0.0,0,1717060136080,4,0.0
1717060136,1.07943,1.07946,0.0,0,1717060136379,134,0.0
1717060137,1.07942,1.07945,0.0,0,1717060137079,134,0.0
1717060137,1.07942,1.07944,0.0,0,1717060137368,4,0.0
1717060137,1.07942,1.07945,0.0,0,1717060137940,4,0.0
1717060138,1.07941,1.07945,0.0,0,1717060138273,130,0.0
1717060138,1.07942,1.07946,0.0,0,1717060138691,134,0.0
1717060138,1.07943,1.07946,0.0,0,1717060138991,130,0.0
1717060139,1.07943,1.07945,0.0,0,1717060139426,4,0.0
1717060139,1.07942,1.07944,0.0,0,1717060139662,134,0.0
1717060140,1.07941,1.07944,0.0,0,1717060140260,130,0.0
1717060140,1.07942,1.07944,0.0,0,1717060140512,130,0.0
1717060141,1.07943,1.07945,0.0,0,1717060141998,134,0.0
1717060142,1.07944,1.07946,0.0,0,1717060142378,134,0.0
1717060142,1.07945,1.07947,0.0,0,1717060142637,134,0.0
1717060143,1.07944,1.07948,0.0,0,1717060143148,134,0.0
1717060143,1.07944,1.07947,0.0,0,1717060143301,4,0.0
1717060143,1.07942,1.07946,0.0,0,1717060143349,134,0.0
1717060143,1.07941,1.07945,0.0,0,1717060143634,134,0.0
1717060145,1.0794,1.07944,0.0,0,1717060145352,134,0.0
1717060145,1.07939,1.07943,0.0,0,1717060145591,134,0.0
1717060146,1.07939,1.07942,0.0,0,1717060146456,4,0.0
1717060146,1.07936,1.0794,0.0,0,1717060146594,134,0.0
1717060148,1.07937,1.0794,0.0,0,1717060148384,130,0.0
1717060148,1.07936,1.0794,0.0,0,1717060148633,130,0.0
1717060150,1.07936,1.07939,0.0,0,1717060150180,4,0.0
1717060150,1.07935,1.07939,0.0,0,1717060150610,130,0.0
1717060150,1.07934,1.07937,0.0,0,1717060150888,134,0.0
1717060150,1.07934,1.07938,0.0,0,1717060150904,4,0.0
1717060151,1.07935,1.07938,0.0,0,1717060151225,130,0.0
1717060151,1.07935,1.07939,0.0,0,1717060151599,4,0.0
1717060153,1.07936,1.07939,0.0,0,1717060153850,130,0.0
1717060154,1.07934,1.07938,0.0,0,1717060154190,134,0.0
1717060154,1.07935,1.07938,0.0,0,1717060154690,130,0.0
1717060156,1.07936,1.07938,0.0,0,1717060156422,130,0.0
1717060156,1.07935,1.07938,0.0,0,1717060156818,130,0.0
1717060158,1.07935,1.07937,0.0,0,1717060158089,4,0.0
1717060158,1.07934,1.07937,0.0,0,1717060158463,130,0.0
1717060159,1.07935,1.07937,0.0,0,1717060159106,130,0.0
1717060160,1.07936,1.07938,0.0,0,1717060160061,134,0.0
1717060160,1.07935,1.07937,0.0,0,1717060160129,134,0.0
1717060161,1.07936,1.07938,0.0,0,1717060161711,134,0.0
1717060162,1.07935,1.07937,0.0,0,1717060162182,134,0.0
1717060171,1.07936,1.07938,0.0,0,1717060171274,134,0.0
1717060173,1.07935,1.07937,0.0,0,1717060173380,134,0.0
1717060175,1.07934,1.07936,0.0,0,1717060175363,134,0.0
1717060176,1.07935,1.07937,0.0,0,1717060176901,134,0.0
1717060176,1.07937,1.07939,0.0,0,1717060176995,134,0.0
1717060178,1.07936,1.07939,0.0,0,1717060178524,130,0.0
1717060178,1.07935,1.07939,0.0,0,1717060178928,130,0.0
1717060179,1.07936,1.07939,0.0,0,1717060179506,130,0.0
1717060180,1.07935,1.07939,0.0,0,1717060180679,130,0.0
1717060181,1.07936,1.07939,0.0,0,1717060181291,130,0.0
1717060182,1.07935,1.07939,0.0,0,1717060182463,130,0.0
1717060183,1.07935,1.07938,0.0,0,1717060183582,4,0.0
1717060183,1.07935,1.07937,0.0,0,1717060183884,4,0.0
1717060183,1.07934,1.07937,0.0,0,1717060183996,130,0.0
1717060184,1.07933,1.07937,0.0,0,1717060184387,130,0.0
1717060184,1.07934,1.07937,0.0,0,1717060184948,130,0.0
1717060185,1.07934,1.07936,0.0,0,1717060185449,4,0.0
1717060185,1.07934,1.07937,0.0,0,1717060185547,4,0.0
1717060189,1.07935,1.07938,0.0,0,1717060189186,134,0.0
1717060189,1.07934,1.07937,0.0,0,1717060189510,134,0.0
1717060190,1.07936,1.07938,0.0,0,1717060190983,134,0.0
1717060191,1.07937,1.07939,0.0,0,1717060191809,134,0.0
1717060191,1.07936,1.07938,0.0,0,1717060191859,134,0.0
1717060192,1.07936,1.07939,0.0,0,1717060192683,4,0.0
1717060196,1.07936,1.07938,0.0,0,1717060196161,4,0.0
1717060196,1.07935,1.07938,0.0,0,1717060196579,130,0.0
1717060196,1.07936,1.07938,0.0,0,1717060196761,130,0.0
1717060197,1.07935,1.07938,0.0,0,1717060197080,130,0.0
1717060199,1.07936,1.07938,0.0,0,1717060199659,130,0.0
1717060204,1.07937,1.07939,0.0,0,1717060204810,134,0.0
1717060208,1.07935,1.07937,0.0,0,1717060208977,134,0.0
1717060210,1.07934,1.07938,0.0,0,1717060210148,134,0.0
1717060210,1.07935,1.07938,0.0,0,1717060210291,130,0.0
1717060211,1.07934,1.07938,0.0,0,1717060211149,130,0.0
1717060211,1.07935,1.07938,0.0,0,1717060211561,130,0.0
1717060211,1.07934,1.07938,0.0,0,1717060211762,130,0.0
1717060214,1.07935,1.07938,0.0,0,1717060214583,130,0.0
1717060214,1.07936,1.07939,0.0,0,1717060214890,134,0.0
1717060215,1.07935,1.07939,0.0,0,1717060215093,130,0.0
1717060215,1.07935,1.07938,0.0,0,1717060215463,4,0.0
1717060216,1.07934,1.07938,0.0,0,1717060216448,130,0.0
1717060216,1.07934,1.07937,0.0,0,1717060216675,4,0.0
1717060219,1.07934,1.07938,0.0,0,1717060219249,4,0.0
1717060219,1.07934,1.07937,0.0,0,1717060219526,4,0.0
1717060219,1.07934,1.07938,0.0,0,1717060219828,4,0.0
1717060221,1.07935,1.07938,0.0,0,1717060221380,130,0.0
1717060221,1.07936,1.07939,0.0,0,1717060221545,134,0.0
1717060222,1.07937,1.0794,0.0,0,1717060222945,134,0.0
1717060223,1.07937,1.07941,0.0,0,1717060223152,4,0.0
