time,bid,ask,last,volume,time_msc,flags,volume_real
1669662182,1745.15,1745.36,0.0,0,1669662182904,134,0.0
1669662183,1745.16,1745.39,0.0,0,1669662183054,134,0.0
1669662184,1745.16,1745.37,0.0,0,1669662184264,4,0.0
1669662185,1745.09,1745.33,0.0,0,1669662185005,134,0.0
1669662185,1744.87,1744.99,0.0,0,1669662185373,134,0.0
1669662185,1744.86,1745.07,0.0,0,1669662185476,134,0.0
1669662185,1744.83,1745.06,0.0,0,1669662185576,134,0.0
1669662186,1744.82,1745.04,0.0,0,1669662186016,134,0.0
1669662186,1744.73,1744.89,0.0,0,1669662186446,134,0.0
1669662186,1744.63,1744.86,0.0,0,1669662186585,134,0.0
1669662187,1744.63,1744.82,0.0,0,1669662187007,4,0.0
1669662187,1744.53,1744.73,0.0,0,1669662187177,134,0.0
1669662187,1744.45,1744.68,0.0,0,1669662187390,134,0.0
1669662187,1744.33,1744.55,0.0,0,1669662187526,134,0.0
1669662187,1744.37,1744.54,0.0,0,1669662187628,134,0.0
1669662187,1744.27,1744.54,0.0,0,1669662187731,130,0.0
1669662187,1744.23,1744.45,0.0,0,1669662187831,134,0.0
1669662187,1744.18,1744.43,0.0,0,1669662187972,134,0.0
1669662188,1744.11,1744.39,0.0,0,1669662188129,134,0.0
1669662188,1744.13,1744.2,0.0,0,1669662188229,134,0.0
1669662188,1743.75,1743.9,0.0,0,1669662188371,134,0.0
1669662188,1743.7,1743.9,0.0,0,1669662188457,130,0.0
1669662188,1743.77,1744.0,0.0,0,1669662188585,134,0.0
1669662188,1743.83,1744.08,0.0,0,1669662188691,134,0.0
1669662188,1743.91,1744.16,0.0,0,1669662188859,134,0.0
1669662189,1743.97,1744.21,0.0,0,1669662189333,134,0.0
1669662189,1744.02,1744.21,0.0,0,1669662189453,130,0.0
1669662189,1744.04,1744.28,0.0,0,1669662189620,134,0.0
1669662189,1744.14,1744.38,0.0,0,1669662189808,134,0.0
1669662189,1744.15,1744.38,0.0,0,1669662189914,130,0.0
1669662190,1744.34,1744.53,0.0,0,1669662190117,134,0.0
1669662190,1744.28,1744.47,0.0,0,1669662190218,134,0.0
1669662190,1744.23,1744.48,0.0,0,1669662190318,134,0.0
1669662190,1744.3,1744.54,0.0,0,1669662190536,134,0.0
1669662190,1744.27,1744.45,0.0,0,1669662190687,134,0.0
1669662190,1744.21,1744.45,0.0,0,1669662190789,130,0.0
1669662191,1744.22,1744.45,0.0,0,1669662191243,130,0.0
1669662191,1744.08,1744.32,0.0,0,1669662191377,134,0.0
1669662191,1744.07,1744.27,0.0,0,1669662191573,134,0.0
1669662191,1744.13,1744.34,0.0,0,1669662191760,134,0.0
1669662191,1744.13,1744.31,0.0,0,1669662191927,4,0.0
1669662192,1744.13,1744.35,0.0,0,1669662192022,4,0.0
1669662192,1744.17,1744.38,0.0,0,1669662192467,134,0.0
1669662192,1744.17,1744.37,0.0,0,1669662192675,4,0.0
1669662192,1744.17,1744.36,0.0,0,1669662192926,4,0.0
1669662193,1744.21,1744.4,0.0,0,1669662193024,134,0.0
1669662193,1744.21,1744.37,0.0,0,1669662193386,4,0.0
1669662193,1744.15,1744.36,0.0,0,1669662193635,134,0.0
1669662193,1744.15,1744.33,0.0,0,1669662193851,4,0.0
1669662194,1744.09,1744.32,0.0,0,1669662194016,134,0.0
1669662194,1744.14,1744.36,0.0,0,1669662194181,134,0.0
1669662194,1744.23,1744.45,0.0,0,1669662194319,134,0.0
1669662194,1744.3,1744.53,0.0,0,1669662194419,134,0.0
1669662194,1744.33,1744.52,0.0,0,1669662194519,134,0.0
1669662194,1744.33,1744.53,0.0,0,1669662194621,4,0.0
1669662195,1744.23,1744.47,0.0,0,1669662195091,134,0.0
1669662195,1744.27,1744.47,0.0,0,1669662195194,130,0.0
1669662195,1744.27,1744.48,0.0,0,1669662195397,4,0.0
1669662195,1744.32,1744.53,0.0,0,1669662195647,134,0.0
1669662195,1744.4,1744.53,0.0,0,1669662195735,130,0.0
1669662195,1744.41,1744.6,0.0,0,1669662195935,134,0.0
1669662196,1744.4,1744.58,0.0,0,1669662196200,134,0.0
1669662196,1744.35,1744.56,0.0,0,1669662196335,134,0.0
1669662196,1744.39,1744.54,0.0,0,1669662196437,134,0.0
1669662196,1744.32,1744.54,0.0,0,1669662196576,130,0.0
1669662196,1744.3,1744.52,0.0,0,1669662196796,134,0.0
1669662196,1744.29,1744.54,0.0,0,1669662196906,134,0.0
1669662197,1744.36,1744.6,0.0,0,1669662197164,134,0.0
1669662197,1744.35,1744.56,0.0,0,1669662197269,134,0.0
1669662197,1744.45,1744.68,0.0,0,1669662197366,134,0.0
1669662197,1744.43,1744.65,0.0,0,1669662197469,134,0.0
1669662197,1744.43,1744.67,0.0,0,1669662197584,4,0.0
1669662197,1744.43,1744.68,0.0,0,1669662197683,4,0.0
1669662197,1744.38,1744.63,0.0,0,1669662197959,134,0.0
1669662198,1744.42,1744.63,0.0,0,1669662198283,130,0.0
1669662198,1744.42,1744.67,0.0,0,1669662198537,4,0.0
1669662199,1744.39,1744.64,0.0,0,1669662199158,134,0.0
1669662199,1744.39,1744.59,0.0,0,1669662199330,4,0.0
1669662199,1744.32,1744.55,0.0,0,1669662199432,134,0.0
1669662200,1744.34,1744.57,0.0,0,1669662200025,134,0.0
1669662200,1744.34,1744.56,0.0,0,1669662200322,4,0.0
1669662200,1744.32,1744.54,0.0,0,1669662200576,134,0.0
1669662200,1744.3,1744.55,0.0,0,1669662200747,134,0.0
1669662201,1744.3,1744.51,0.0,0,1669662201346,4,0.0
1669662201,1744.3,1744.55,0.0,0,1669662201449,4,0.0
1669662201,1744.28,1744.52,0.0,0,1669662201626,134,0.0
1669662201,1744.22,1744.44,0.0,0,1669662201726,134,0.0
1669662201,1744.19,1744.44,0.0,0,1669662201829,130,0.0
1669662202,1744.2,1744.42,0.0,0,1669662202320,134,0.0
1669662202,1744.16,1744.39,0.0,0,1669662202443,134,0.0
1669662202,1744.14,1744.31,0.0,0,1669662202537,134,0.0
1669662202,1744.01,1744.24,0.0,0,1669662202995,134,0.0
1669662203,1744.02,1744.19,0.0,0,1669662203472,134,0.0
1669662203,1743.98,1744.19,0.0,0,1669662203574,130,0.0
1669662203,1743.96,1744.19,0.0,0,1669662203966,130,0.0
1669662204,1743.99,1744.22,0.0,0,1669662204186,134,0.0
1669662205,1744.01,1744.24,0.0,0,1669662205082,134,0.0
1669662205,1744.01,1744.21,0.0,0,1669662205423,4,0.0
1669662205,1743.94,1744.17,0.0,0,1669662205591,134,0.0
1669662205,1743.94,1744.16,0.0,0,1669662205867,4,0.0
1669662206,1743.98,1744.21,0.0,0,1669662206267,134,0.0
1669662206,1744.04,1744.27,0.0,0,1669662206771,134,0.0
1669662206,1743.97,1744.19,0.0,0,1669662206961,134,0.0
1669662207,1743.97,1744.18,0.0,0,1669662207096,4,0.0
1669662207,1743.88,1744.1,0.0,0,1669662207214,134,0.0
1669662207,1743.88,1744.08,0.0,0,1669662207436,4,0.0
1669662208,1743.85,1744.06,0.0,0,1669662208154,134,0.0
1669662208,1743.85,1744.07,0.0,0,1669662208308,4,0.0
1669662208,1743.81,1744.03,0.0,0,1669662208708,134,0.0
1669662208,1743.81,1744.02,0.0,0,1669662208836,4,0.0
1669662208,1743.81,1744.01,0.0,0,1669662208989,4,0.0
1669662209,1743.77,1743.98,0.0,0,1669662209268,134,0.0
1669662209,1743.76,1743.98,0.0,0,1669662209418,130,0.0
1669662209,1743.76,1743.94,0.0,0,1669662209628,4,0.0
1669662209,1743.76,1743.96,0.0,0,1669662209740,4,0.0
1669662209,1743.73,1743.95,0.0,0,1669662209986,134,0.0
1669662210,1743.73,1743.94,0.0,0,1669662210086,4,0.0
1669662210,1743.78,1743.94,0.0,0,1669662210223,130,0.0
1669662210,1743.8,1744.01,0.0,0,1669662210320,134,0.0
1669662210,1743.8,1744.02,0.0,0,1669662210465,4,0.0
1669662210,1743.74,1743.95,0.0,0,1669662210752,134,0.0
1669662210,1743.66,1743.87,0.0,0,1669662210989,134,0.0
1669662211,1743.58,1743.79,0.0,0,1669662211253,134,0.0
1669662211,1743.52,1743.69,0.0,0,1669662211354,134,0.0
1669662211,1743.42,1743.58,0.0,0,1669662211456,134,0.0
1669662211,1743.36,1743.58,0.0,0,1669662211557,130,0.0
1669662211,1743.43,1743.64,0.0,0,1669662211820,134,0.0
1669662212,1743.43,1743.57,0.0,0,1669662212017,4,0.0
1669662212,1743.37,1743.57,0.0,0,1669662212125,130,0.0
1669662212,1743.38,1743.54,0.0,0,1669662212367,134,0.0
1669662212,1743.37,1743.57,0.0,0,1669662212470,134,0.0
1669662212,1743.4,1743.55,0.0,0,1669662212759,134,0.0
1669662212,1743.4,1743.54,0.0,0,1669662212898,4,0.0
1669662213,1743.4,1743.55,0.0,0,1669662213008,4,0.0
1669662213,1743.37,1743.55,0.0,0,1669662213133,130,0.0
1669662213,1743.37,1743.54,0.0,0,1669662213566,4,0.0
1669662213,1743.31,1743.52,0.0,0,1669662213968,134,0.0
1669662214,1743.22,1743.41,0.0,0,1669662214115,134,0.0
1669662214,1743.22,1743.36,0.0,0,1669662214231,4,0.0
1669662214,1743.22,1743.39,0.0,0,1669662214354,4,0.0
1669662214,1743.22,1743.38,0.0,0,1669662214489,4,0.0
1669662214,1743.19,1743.38,0.0,0,1669662214852,130,0.0
1669662214,1743.19,1743.36,0.0,0,1669662214987,4,0.0
1669662215,1743.09,1743.27,0.0,0,1669662215090,134,0.0
1669662215,1743.09,1743.29,0.0,0,1669662215219,4,0.0
1669662215,1743.02,1743.23,0.0,0,1669662215327,134,0.0
1669662215,1742.75,1742.96,0.0,0,1669662215497,134,0.0
1669662215,1742.61,1742.82,0.0,0,1669662215709,134,0.0
1669662216,1742.53,1742.73,0.0,0,1669662216124,134,0.0
1669662216,1742.53,1742.74,0.0,0,1669662216240,4,0.0
1669662216,1742.49,1742.68,0.0,0,1669662216515,134,0.0
1669662216,1742.58,1742.77,0.0,0,1669662216766,134,0.0
1669662217,1742.68,1742.86,0.0,0,1669662217105,134,0.0
1669662217,1742.59,1742.77,0.0,0,1669662217276,134,0.0
1669662217,1742.55,1742.74,0.0,0,1669662217968,134,0.0
1669662218,1742.63,1742.81,0.0,0,1669662218166,134,0.0
1669662218,1742.68,1742.81,0.0,0,1669662218270,130,0.0
1669662218,1742.7,1742.87,0.0,0,1669662218378,134,0.0
1669662218,1742.75,1742.89,0.0,0,1669662218507,134,0.0
1669662218,1742.79,1742.98,0.0,0,1669662218634,134,0.0
1669662218,1742.79,1742.96,0.0,0,1669662218765,4,0.0
1669662218,1742.7,1742.87,0.0,0,1669662218946,134,0.0
1669662219,1742.7,1742.84,0.0,0,1669662219047,4,0.0
1669662219,1742.48,1742.66,0.0,0,1669662219150,134,0.0
1669662219,1742.38,1742.57,0.0,0,1669662219256,134,0.0
1669662219,1742.33,1742.46,0.0,0,1669662219357,134,0.0
1669662219,1742.27,1742.46,0.0,0,1669662219519,130,0.0
1669662219,1742.2,1742.38,0.0,0,1669662219625,134,0.0
1669662219,1742.3,1742.47,0.0,0,1669662219729,134,0.0
1669662220,1742.3,1742.49,0.0,0,1669662220066,4,0.0
1669662220,1742.38,1742.52,0.0,0,1669662220179,134,0.0
1669662220,1742.55,1742.67,0.0,0,1669662220286,134,0.0
1669662220,1742.56,1742.75,0.0,0,1669662220481,134,0.0
1669662220,1742.66,1742.86,0.0,0,1669662220657,134,0.0
1669662220,1742.68,1742.86,0.0,0,1669662220755,130,0.0
1669662220,1742.73,1742.86,0.0,0,1669662220879,130,0.0
1669662220,1742.74,1742.89,0.0,0,1669662220980,134,0.0
1669662221,1742.71,1742.86,0.0,0,1669662221255,134,0.0
1669662221,1742.67,1742.85,0.0,0,1669662221367,134,0.0
1669662221,1742.68,1742.86,0.0,0,1669662221463,134,0.0
1669662221,1742.75,1742.94,0.0,0,1669662221604,134,0.0
1669662221,1742.77,1742.94,0.0,0,1669662221823,130,0.0
1669662221,1742.84,1743.01,0.0,0,1669662221985,134,0.0
1669662222,1742.82,1743.01,0.0,0,1669662222115,130,0.0
1669662222,1742.87,1743.07,0.0,0,1669662222318,134,0.0
1669662222,1742.8,1743.03,0.0,0,1669662222797,134,0.0
1669662223,1742.89,1743.11,0.0,0,1669662223107,134,0.0
1669662223,1742.84,1743.1,0.0,0,1669662223246,134,0.0
1669662223,1742.86,1743.04,0.0,0,1669662223485,134,0.0
1669662223,1742.84,1743.04,0.0,0,1669662223597,130,0.0
1669662223,1742.89,1743.04,0.0,0,1669662223858,130,0.0
1669662223,1742.89,1743.1,0.0,0,1669662223964,4,0.0
1669662224,1742.92,1743.1,0.0,0,1669662224066,130,0.0
1669662224,1742.94,1743.19,0.0,0,1669662224295,134,0.0
1669662224,1742.98,1743.19,0.0,0,1669662224398,130,0.0
1669662224,1742.98,1743.12,0.0,0,1669662224627,4,0.0
1669662224,1742.98,1743.19,0.0,0,1669662224939,4,0.0
1669662225,1742.99,1743.15,0.0,0,1669662225587,134,0.0
1669662225,1743.02,1743.15,0.0,0,1669662225686,130,0.0
1669662225,1742.98,1743.15,0.0,0,1669662225820,130,0.0
1669662226,1743.05,1743.23,0.0,0,1669662226045,134,0.0
1669662226,1743.02,1743.2,0.0,0,1669662226146,134,0.0
1669662226,1742.94,1743.14,0.0,0,1669662226245,134,0.0
1669662226,1742.91,1743.06,0.0,0,1669662226440,134,0.0
1669662226,1742.94,1743.13,0.0,0,1669662226696,134,0.0
1669662226,1742.9,1743.04,0.0,0,1669662226798,134,0.0
1669662227,1742.94,1743.09,0.0,0,1669662227389,134,0.0
1669662227,1742.92,1743.09,0.0,0,1669662227506,130,0.0
1669662227,1742.94,1743.12,0.0,0,1669662227768,134,0.0
1669662227,1743.04,1743.15,0.0,0,1669662227913,134,0.0
1669662228,1743.04,1743.22,0.0,0,1669662228041,4,0.0
1669662228,1743.09,1743.23,0.0,0,1669662228146,134,0.0
1669662228,1743.07,1743.23,0.0,0,1669662228250,130,0.0
1669662228,1743.09,1743.26,0.0,0,1669662228580,134,0.0
1669662228,1743.07,1743.2,0.0,0,1669662228701,134,0.0
1669662228,1742.99,1743.11,0.0,0,1669662228802,134,0.0
1669662228,1743.02,1743.11,0.0,0,1669662228915,130,0.0
1669662229,1743.02,1743.17,0.0,0,1669662229373,4,0.0
1669662229,1743.04,1743.17,0.0,0,1669662229515,130,0.0
1669662229,1743.12,1743.24,0.0,0,1669662229670,134,0.0
1669662229,1743.18,1743.34,0.0,0,1669662229769,134,0.0
1669662229,1743.12,1743.3,0.0,0,1669662229876,134,0.0
1669662230,1743.12,1743.27,0.0,0,1669662230244,4,0.0
1669662230,1743.17,1743.27,0.0,0,1669662230353,130,0.0
1669662230,1743.11,1743.27,0.0,0,1669662230575,130,0.0
1669662230,1743.16,1743.27,0.0,0,1669662230701,130,0.0
1669662230,1743.18,1743.32,0.0,0,1669662230803,134,0.0
1669662231,1743.21,1743.32,0.0,0,1669662231055,130,0.0
1669662231,1743.23,1743.38,0.0,0,1669662231215,134,0.0
1669662231,1743.24,1743.38,0.0,0,1669662231375,130,0.0
1669662231,1743.21,1743.38,0.0,0,1669662231639,130,0.0
1669662231,1743.23,1743.4,0.0,0,1669662231988,134,0.0
1669662232,1743.21,1743.32,0.0,0,1669662232215,134,0.0
1669662232,1743.24,1743.41,0.0,0,1669662232327,134,0.0
1669662233,1743.2,1743.37,0.0,0,1669662233117,134,0.0
1669662233,1743.24,1743.37,0.0,0,1669662233502,130,0.0
1669662233,1743.26,1743.43,0.0,0,1669662233741,134,0.0
1669662233,1743.26,1743.44,0.0,0,1669662233871,4,0.0
1669662234,1743.27,1743.44,0.0,0,1669662234085,130,0.0
1669662234,1743.23,1743.4,0.0,0,1669662234197,134,0.0
1669662234,1743.25,1743.42,0.0,0,1669662234975,134,0.0
1669662235,1743.23,1743.4,0.0,0,1669662235224,134,0.0
1669662236,1743.22,1743.39,0.0,0,1669662236365,134,0.0
1669662236,1743.22,1743.38,0.0,0,1669662236579,4,0.0
1669662237,1743.22,1743.35,0.0,0,1669662237403,4,0.0
1669662237,1743.23,1743.35,0.0,0,1669662237520,130,0.0
1669662237,1743.26,1743.43,0.0,0,1669662237767,134,0.0
1669662237,1743.24,1743.41,0.0,0,1669662237989,134,0.0
1669662238,1743.2,1743.36,0.0,0,1669662238097,134,0.0
1669662238,1743.23,1743.36,0.0,0,1669662238195,130,0.0
1669662238,1743.16,1743.36,0.0,0,1669662238467,130,0.0
1669662238,1743.15,1743.35,0.0,0,1669662238578,134,0.0
1669662238,1743.17,1743.3,0.0,0,1669662238675,134,0.0
1669662238,1743.15,1743.3,0.0,0,1669662238775,130,0.0
1669662238,1743.25,1743.37,0.0,0,1669662238958,134,0.0
1669662239,1743.22,1743.37,0.0,0,1669662239060,130,0.0
1669662239,1743.18,1743.36,0.0,0,1669662239289,134,0.0
1669662239,1743.13,1743.3,0.0,0,1669662239385,134,0.0
1669662239,1742.98,1743.12,0.0,0,1669662239487,134,0.0
1669662239,1742.87,1743.02,0.0,0,1669662239607,134,0.0
1669662239,1742.81,1743.02,0.0,0,1669662239728,130,0.0
1669662239,1742.77,1743.0,0.0,0,1669662239826,134,0.0
1669662240,1742.65,1742.85,0.0,0,1669662240016,134,0.0
1669662240,1742.69,1742.85,0.0,0,1669662240116,130,0.0
1669662240,1742.75,1742.85,0.0,0,1669662240218,130,0.0
1669662240,1742.76,1742.93,0.0,0,1669662240320,134,0.0
1669662240,1742.74,1742.93,0.0,0,1669662240434,130,0.0
1669662240,1742.76,1742.93,0.0,0,1669662240536,130,0.0
1669662240,1742.82,1743.0,0.0,0,1669662240677,134,0.0
1669662240,1742.76,1743.0,0.0,0,1669662240779,130,0.0
1669662240,1742.78,1742.93,0.0,0,1669662240965,134,0.0
1669662241,1742.8,1742.93,0.0,0,1669662241075,130,0.0
1669662241,1742.69,1742.84,0.0,0,1669662241268,134,0.0
1669662241,1742.7,1742.84,0.0,0,1669662241562,130,0.0
1669662241,1742.7,1742.9,0.0,0,1669662241778,4,0.0
1669662242,1742.67,1742.82,0.0,0,1669662242011,134,0.0
1669662242,1742.65,1742.87,0.0,0,1669662242136,134,0.0
1669662242,1742.69,1742.9,0.0,0,1669662242238,134,0.0
1669662242,1742.7,1742.9,0.0,0,1669662242448,130,0.0
1669662242,1742.67,1742.87,0.0,0,1669662242550,134,0.0
1669662242,1742.75,1742.92,0.0,0,1669662242655,134,0.0
1669662242,1742.76,1742.95,0.0,0,1669662242755,134,0.0
1669662243,1742.86,1743.03,0.0,0,1669662243023,134,0.0
1669662243,1742.89,1743.03,0.0,0,1669662243126,130,0.0
1669662243,1742.91,1743.03,0.0,0,1669662243237,130,0.0
1669662243,1742.91,1743.07,0.0,0,1669662243668,4,0.0
1669662243,1742.86,1742.98,0.0,0,1669662243875,134,0.0
1669662244,1742.82,1742.98,0.0,0,1669662244003,130,0.0
1669662244,1742.79,1742.98,0.0,0,1669662244187,130,0.0
1669662244,1742.82,1743.0,0.0,0,1669662244304,134,0.0
1669662244,1742.91,1743.04,0.0,0,1669662244432,134,0.0
1669662244,1742.88,1743.04,0.0,0,1669662244568,130,0.0
1669662244,1742.91,1743.1,0.0,0,1669662244737,134,0.0
1669662244,1742.99,1743.1,0.0,0,1669662244852,130,0.0
1669662245,1743.03,1743.18,0.0,0,1669662245047,134,0.0
1669662245,1743.07,1743.27,0.0,0,1669662245290,134,0.0
1669662245,1743.07,1743.28,0.0,0,1669662245403,4,0.0
1669662245,1743.11,1743.28,0.0,0,1669662245515,130,0.0
1669662245,1743.04,1743.22,0.0,0,1669662245616,134,0.0
1669662245,1743.03,1743.22,0.0,0,1669662245720,130,0.0
1669662245,1743.06,1743.22,0.0,0,1669662245817,130,0.0
1669662245,1743.14,1743.29,0.0,0,1669662245955,134,0.0
1669662246,1743.12,1743.29,0.0,0,1669662246058,130,0.0
1669662246,1743.16,1743.29,0.0,0,1669662246330,130,0.0
1669662246,1743.25,1743.37,0.0,0,1669662246435,134,0.0
1669662246,1743.27,1743.37,0.0,0,1669662246535,130,0.0
1669662246,1743.24,1743.45,0.0,0,1669662246685,134,0.0
1669662247,1743.22,1743.38,0.0,0,1669662247047,134,0.0
1669662247,1743.21,1743.38,0.0,0,1669662247297,130,0.0
1669662247,1743.17,1743.38,0.0,0,1669662247402,130,0.0
1669662247,1743.18,1743.38,0.0,0,1669662247548,130,0.0
1669662247,1743.23,1743.38,0.0,0,1669662247785,130,0.0
1669662247,1743.22,1743.32,0.0,0,1669662247882,134,0.0
1669662247,1743.07,1743.22,0.0,0,1669662247989,134,0.0
1669662248,1743.06,1743.25,0.0,0,1669662248855,134,0.0
1669662249,1743.09,1743.25,0.0,0,1669662249017,130,0.0
1669662249,1743.06,1743.25,0.0,0,1669662249445,130,0.0
1669662249,1743.13,1743.27,0.0,0,1669662249824,134,0.0
1669662249,1743.21,1743.35,0.0,0,1669662249945,134,0.0
1669662250,1743.16,1743.26,0.0,0,1669662250046,134,0.0
1669662250,1743.19,1743.26,0.0,0,1669662250153,130,0.0
1669662250,1743.19,1743.34,0.0,0,1669662250311,4,0.0
1669662250,1743.22,1743.39,0.0,0,1669662250769,134,0.0
1669662250,1743.24,1743.39,0.0,0,1669662250916,130,0.0
1669662251,1743.26,1743.39,0.0,0,1669662251158,130,0.0
1669662251,1743.1,1743.23,0.0,0,1669662251476,134,0.0
1669662251,1743.12,1743.23,0.0,0,1669662251649,130,0.0
1669662251,1743.11,1743.28,0.0,0,1669662251855,134,0.0
1669662252,1743.16,1743.35,0.0,0,1669662252190,134,0.0
1669662252,1743.23,1743.37,0.0,0,1669662252291,134,0.0
1669662252,1743.17,1743.37,0.0,0,1669662252437,130,0.0
1669662252,1743.09,1743.3,0.0,0,1669662252558,134,0.0
1669662252,1743.11,1743.28,0.0,0,1669662252896,134,0.0
1669662252,1743.08,1743.24,0.0,0,1669662252995,134,0.0
1669662253,1743.11,1743.24,0.0,0,1669662253131,130,0.0
1669662253,1743.14,1743.31,0.0,0,1669662253349,134,0.0
1669662253,1743.11,1743.29,0.0,0,1669662253465,134,0.0
1669662253,1743.07,1743.24,0.0,0,1669662253956,134,0.0
1669662254,1743.11,1743.27,0.0,0,1669662254068,134,0.0
1669662254,1743.18,1743.34,0.0,0,1669662254507,134,0.0
1669662254,1743.06,1743.24,0.0,0,1669662254605,134,0.0
1669662254,1743.08,1743.24,0.0,0,1669662254715,130,0.0
1669662254,1743.0,1743.17,0.0,0,1669662254817,134,0.0
1669662255,1743.06,1743.17,0.0,0,1669662255046,130,0.0
1669662255,1743.02,1743.17,0.0,0,1669662255266,130,0.0
1669662255,1743.06,1743.24,0.0,0,1669662255367,134,0.0
1669662255,1743.11,1743.24,0.0,0,1669662255495,130,0.0
1669662255,1743.07,1743.24,0.0,0,1669662255692,130,0.0
1669662256,1743.11,1743.24,0.0,0,1669662256036,130,0.0
1669662256,1743.11,1743.25,0.0,0,1669662256315,4,0.0
1669662256,1743.06,1743.23,0.0,0,1669662256427,134,0.0
1669662256,1743.05,1743.17,0.0,0,1669662256609,134,0.0
1669662256,1743.0,1743.17,0.0,0,1669662256728,130,0.0
1669662256,1742.99,1743.1,0.0,0,1669662256935,134,0.0
1669662257,1742.96,1743.1,0.0,0,1669662257287,130,0.0
1669662257,1742.88,1743.06,0.0,0,1669662257528,134,0.0
1669662257,1742.88,1743.05,0.0,0,1669662257846,4,0.0
1669662258,1742.87,1743.04,0.0,0,1669662258209,134,0.0
1669662258,1742.81,1742.94,0.0,0,1669662258469,134,0.0
1669662258,1742.77,1742.94,0.0,0,1669662258571,130,0.0
1669662258,1742.8,1742.97,0.0,0,1669662258816,134,0.0
1669662259,1742.87,1743.01,0.0,0,1669662259142,134,0.0
1669662259,1742.89,1743.01,0.0,0,1669662259245,130,0.0
1669662259,1742.88,1743.01,0.0,0,1669662259431,130,0.0
1669662259,1742.92,1743.08,0.0,0,1669662259637,134,0.0
1669662259,1742.89,1743.05,0.0,0,1669662259735,134,0.0
1669662259,1742.79,1742.97,0.0,0,1669662259854,134,0.0
1669662260,1742.78,1742.93,0.0,0,1669662260134,134,0.0
1669662260,1742.79,1742.97,0.0,0,1669662260255,134,0.0
1669662260,1742.91,1743.03,0.0,0,1669662260474,134,0.0
1669662260,1742.89,1743.03,0.0,0,1669662260786,130,0.0
1669662261,1742.9,1743.03,0.0,0,1669662261346,130,0.0
1669662261,1742.86,1743.03,0.0,0,1669662261707,130,0.0
1669662262,1742.81,1742.97,0.0,0,1669662262669,134,0.0
1669662262,1742.91,1743.06,0.0,0,1669662262767,134,0.0
1669662262,1742.9,1743.06,0.0,0,1669662262871,130,0.0
1669662263,1742.89,1743.06,0.0,0,1669662263357,130,0.0
1669662263,1742.89,1743.07,0.0,0,1669662263747,4,0.0
1669662264,1742.87,1743.03,0.0,0,1669662264225,134,0.0
1669662264,1742.89,1743.03,0.0,0,1669662264528,130,0.0
1669662264,1742.89,1743.06,0.0,0,1669662264826,4,0.0
1669662265,1742.88,1743.05,0.0,0,1669662265255,134,0.0
1669662265,1743.04,1743.14,0.0,0,1669662265544,134,0.0
1669662265,1743.03,1743.14,0.0,0,1669662265800,130,0.0
1669662266,1743.01,1743.18,0.0,0,1669662266186,134,0.0
1669662266,1742.93,1743.08,0.0,0,1669662266380,134,0.0
1669662266,1742.95,1743.08,0.0,0,1669662266477,130,0.0
1669662266,1742.97,1743.14,0.0,0,1669662266824,134,0.0
1669662266,1743.04,1743.14,0.0,0,1669662266951,130,0.0
1669662267,1742.99,1743.14,0.0,0,1669662267137,130,0.0
1669662267,1742.89,1743.07,0.0,0,1669662267303,134,0.0
1669662267,1742.88,1743.06,0.0,0,1669662267574,134,0.0
1669662267,1742.85,1743.01,0.0,0,1669662267962,134,0.0
1669662268,1742.84,1742.99,0.0,0,1669662268059,134,0.0
1669662268,1742.8,1742.94,0.0,0,1669662268195,134,0.0
1669662268,1742.9,1743.04,0.0,0,1669662268307,134,0.0
1669662268,1742.89,1742.98,0.0,0,1669662268810,134,0.0
1669662268,1742.81,1742.98,0.0,0,1669662268910,130,0.0
1669662269,1742.82,1742.98,0.0,0,1669662269147,130,0.0
1669662269,1742.84,1742.98,0.0,0,1669662269338,130,0.0
1669662269,1742.86,1743.02,0.0,0,1669662269616,134,0.0
1669662270,1742.96,1743.08,0.0,0,1669662270045,134,0.0
1669662270,1742.94,1743.08,0.0,0,1669662270288,130,0.0
1669662270,1742.93,1743.08,0.0,0,1669662270535,130,0.0
1669662270,1742.92,1743.08,0.0,0,1669662270827,130,0.0
1669662271,1742.96,1743.09,0.0,0,1669662271044,134,0.0
1669662271,1743.05,1743.18,0.0,0,1669662271156,134,0.0
1669662271,1743.07,1743.18,0.0,0,1669662271250,130,0.0
1669662271,1743.08,1743.18,0.0,0,1669662271373,130,0.0
1669662271,1743.17,1743.26,0.0,0,1669662271472,134,0.0
1669662271,1743.16,1743.26,0.0,0,1669662271657,130,0.0
1669662271,1743.23,1743.33,0.0,0,1669662271777,134,0.0
1669662271,1743.18,1743.33,0.0,0,1669662271947,130,0.0
1669662272,1743.24,1743.4,0.0,0,1669662272198,134,0.0
1669662272,1743.27,1743.4,0.0,0,1669662272300,130,0.0
1669662272,1743.29,1743.4,0.0,0,1669662272455,130,0.0
1669662272,1743.3,1743.46,0.0,0,1669662272698,134,0.0
1669662272,1743.36,1743.46,0.0,0,1669662272803,130,0.0
1669662273,1743.37,1743.54,0.0,0,1669662273026,134,0.0
1669662273,1743.36,1743.49,0.0,0,1669662273178,134,0.0
1669662273,1743.4,1743.59,0.0,0,1669662273416,134,0.0
1669662273,1743.42,1743.59,0.0,0,1669662273516,130,0.0
1669662273,1743.41,1743.59,0.0,0,1669662273647,130,0.0
1669662273,1743.4,1743.54,0.0,0,1669662273751,134,0.0
1669662273,1743.33,1743.51,0.0,0,1669662273873,134,0.0
1669662274,1743.33,1743.47,0.0,0,1669662274049,4,0.0
1669662274,1743.27,1743.47,0.0,0,1669662274169,130,0.0
1669662274,1743.27,1743.45,0.0,0,1669662274374,4,0.0
1669662274,1743.27,1743.41,0.0,0,1669662274477,4,0.0
1669662274,1743.27,1743.43,0.0,0,1669662274592,4,0.0
1669662274,1743.27,1743.45,0.0,0,1669662274693,4,0.0
1669662274,1743.29,1743.45,0.0,0,1669662274945,130,0.0
1669662275,1743.36,1743.5,0.0,0,1669662275125,134,0.0
1669662275,1743.38,1743.57,0.0,0,1669662275232,134,0.0
1669662275,1743.41,1743.59,0.0,0,1669662275354,134,0.0
1669662275,1743.39,1743.56,0.0,0,1669662275457,134,0.0
1669662276,1743.37,1743.54,0.0,0,1669662276127,134,0.0
1669662276,1743.36,1743.51,0.0,0,1669662276226,134,0.0
1669662276,1743.38,1743.55,0.0,0,1669662276374,134,0.0
1669662276,1743.39,1743.56,0.0,0,1669662276792,134,0.0
1669662276,1743.44,1743.59,0.0,0,1669662276892,134,0.0
1669662277,1743.41,1743.58,0.0,0,1669662277146,134,0.0
1669662277,1743.4,1743.57,0.0,0,1669662277396,134,0.0
1669662277,1743.41,1743.57,0.0,0,1669662277700,130,0.0
1669662277,1743.41,1743.54,0.0,0,1669662277817,4,0.0
1669662277,1743.34,1743.51,0.0,0,1669662277921,134,0.0
1669662278,1743.4,1743.57,0.0,0,1669662278106,134,0.0
1669662278,1743.38,1743.55,0.0,0,1669662278701,134,0.0
1669662279,1743.36,1743.54,0.0,0,1669662279335,134,0.0
1669662279,1743.38,1743.56,0.0,0,1669662279456,134,0.0
1669662279,1743.38,1743.53,0.0,0,1669662279746,4,0.0
1669662279,1743.38,1743.56,0.0,0,1669662279976,4,0.0
1669662280,1743.39,1743.58,0.0,0,1669662280226,134,0.0
1669662280,1743.36,1743.54,0.0,0,1669662280325,134,0.0
1669662280,1743.41,1743.53,0.0,0,1669662280863,134,0.0
1669662281,1743.41,1743.55,0.0,0,1669662281044,4,0.0
1669662281,1743.37,1743.54,0.0,0,1669662281315,134,0.0
1669662281,1743.37,1743.55,0.0,0,1669662281610,4,0.0
1669662281,1743.37,1743.51,0.0,0,1669662281995,4,0.0
1669662282,1743.36,1743.51,0.0,0,1669662282186,130,0.0
1669662282,1743.29,1743.46,0.0,0,1669662282564,134,0.0
1669662282,1743.37,1743.54,0.0,0,1669662282683,134,0.0
1669662282,1743.39,1743.54,0.0,0,1669662282819,130,0.0
1669662282,1743.4,1743.54,0.0,0,1669662282915,130,0.0
1669662283,1743.44,1743.59,0.0,0,1669662283350,134,0.0
1669662283,1743.43,1743.59,0.0,0,1669662283557,130,0.0
1669662283,1743.41,1743.59,0.0,0,1669662283965,130,0.0
1669662284,1743.41,1743.57,0.0,0,1669662284155,4,0.0
1669662284,1743.43,1743.57,0.0,0,1669662284258,130,0.0
1669662284,1743.53,1743.66,0.0,0,1669662284906,134,0.0
1669662285,1743.58,1743.74,0.0,0,1669662285126,134,0.0
1669662285,1743.57,1743.74,0.0,0,1669662285477,130,0.0
1669662285,1743.6,1743.77,0.0,0,1669662285811,134,0.0
1669662285,1743.6,1743.75,0.0,0,1669662285945,4,0.0
1669662286,1743.6,1743.76,0.0,0,1669662286039,4,0.0
1669662286,1743.6,1743.75,0.0,0,1669662286654,4,0.0
1669662286,1743.52,1743.66,0.0,0,1669662286755,134,0.0
1669662286,1743.57,1743.66,0.0,0,1669662286859,130,0.0
1669662287,1743.57,1743.73,0.0,0,1669662287146,4,0.0
1669662287,1743.61,1743.73,0.0,0,1669662287339,130,0.0
1669662287,1743.55,1743.73,0.0,0,1669662287542,130,0.0
1669662287,1743.59,1743.73,0.0,0,1669662287655,130,0.0
1669662287,1743.59,1743.77,0.0,0,1669662287921,4,0.0
1669662288,1743.64,1743.77,0.0,0,1669662288014,130,0.0
1669662288,1743.66,1743.82,0.0,0,1669662288287,134,0.0
1669662289,1743.66,1743.8,0.0,0,1669662289012,4,0.0
1669662289,1743.69,1743.8,0.0,0,1669662289132,130,0.0
1669662289,1743.68,1743.8,0.0,0,1669662289787,130,0.0
1669662289,1743.68,1743.82,0.0,0,1669662289891,4,0.0
1669662290,1743.78,1743.89,0.0,0,1669662290237,134,0.0
1669662290,1743.79,1743.96,0.0,0,1669662290483,134,0.0
1669662290,1743.89,1744.05,0.0,0,1669662290908,134,0.0
1669662291,1743.91,1744.05,0.0,0,1669662291009,130,0.0
1669662291,1743.94,1744.09,0.0,0,1669662291177,134,0.0
1669662291,1744.0,1744.16,0.0,0,1669662291642,134,0.0
1669662292,1743.94,1744.08,0.0,0,1669662292075,134,0.0
1669662292,1743.97,1744.08,0.0,0,1669662292344,130,0.0
1669662292,1743.99,1744.14,0.0,0,1669662292456,134,0.0
1669662292,1743.99,1744.16,0.0,0,1669662292559,4,0.0
1669662292,1743.99,1744.14,0.0,0,1669662292716,4,0.0
1669662292,1744.01,1744.16,0.0,0,1669662292945,134,0.0
1669662293,1744.03,1744.16,0.0,0,1669662293047,130,0.0
1669662293,1744.03,1744.19,0.0,0,1669662293986,4,0.0
1669662294,1744.03,1744.17,0.0,0,1669662294222,4,0.0
1669662294,1744.03,1744.19,0.0,0,1669662294349,4,0.0
1669662294,1744.04,1744.19,0.0,0,1669662294825,130,0.0
1669662295,1744.16,1744.28,0.0,0,1669662295265,134,0.0
1669662295,1744.19,1744.28,0.0,0,1669662295363,130,0.0
1669662295,1744.18,1744.28,0.0,0,1669662295538,130,0.0
1669662295,1744.2,1744.35,0.0,0,1669662295672,134,0.0
1669662295,1744.27,1744.44,0.0,0,1669662295892,134,0.0
1669662295,1744.26,1744.35,0.0,0,1669662295995,134,0.0
1669662296,1744.16,1744.35,0.0,0,1669662296143,130,0.0
1669662296,1744.2,1744.35,0.0,0,1669662296260,130,0.0
1669662296,1744.22,1744.41,0.0,0,1669662296356,134,0.0
1669662297,1744.22,1744.4,0.0,0,1669662297629,4,0.0
1669662297,1744.17,1744.36,0.0,0,1669662297919,134,0.0
1669662298,1744.21,1744.39,0.0,0,1669662298426,134,0.0
1669662298,1744.21,1744.38,0.0,0,1669662298670,4,0.0
1669662299,1744.15,1744.3,0.0,0,1669662299324,134,0.0
1669662299,1744.15,1744.29,0.0,0,1669662299881,4,0.0
1669662300,1744.18,1744.35,0.0,0,1669662300152,134,0.0
1669662300,1744.09,1744.23,0.0,0,1669662300295,134,0.0
1669662300,1744.0,1744.15,0.0,0,1669662300394,134,0.0
1669662300,1744.0,1744.16,0.0,0,1669662300510,4,0.0
1669662300,1744.0,1744.19,0.0,0,1669662300766,4,0.0
1669662300,1743.92,1744.11,0.0,0,1669662300925,134,0.0
1669662301,1743.91,1744.06,0.0,0,1669662301367,134,0.0
1669662301,1743.94,1744.11,0.0,0,1669662301526,134,0.0
1669662301,1743.95,1744.11,0.0,0,1669662301667,130,0.0
1669662301,1743.95,1744.12,0.0,0,1669662301841,4,0.0
1669662301,1743.88,1744.06,0.0,0,1669662301965,134,0.0
1669662302,1743.92,1744.09,0.0,0,1669662302499,134,0.0
1669662302,1743.91,1744.08,0.0,0,1669662302600,134,0.0
1669662303,1743.97,1744.12,0.0,0,1669662303082,134,0.0
1669662303,1743.97,1744.15,0.0,0,1669662303226,4,0.0
1669662303,1743.97,1744.16,0.0,0,1669662303416,4,0.0
1669662303,1744.01,1744.14,0.0,0,1669662303727,134,0.0
1669662303,1744.05,1744.2,0.0,0,1669662303828,134,0.0
1669662303,1744.03,1744.16,0.0,0,1669662303928,134,0.0
1669662304,1744.04,1744.2,0.0,0,1669662304326,134,0.0
1669662304,1744.0,1744.16,0.0,0,1669662304611,134,0.0
1669662305,1743.98,1744.15,0.0,0,1669662305109,134,0.0
1669662305,1743.97,1744.14,0.0,0,1669662305307,134,0.0
1669662305,1744.01,1744.15,0.0,0,1669662305786,134,0.0
1669662306,1743.97,1744.09,0.0,0,1669662306471,134,0.0
1669662306,1743.91,1744.06,0.0,0,1669662306572,134,0.0
1669662306,1743.89,1744.06,0.0,0,1669662306995,130,0.0
1669662307,1743.91,1744.08,0.0,0,1669662307504,134,0.0
1669662307,1743.93,1744.08,0.0,0,1669662307615,130,0.0
1669662307,1744.01,1744.15,0.0,0,1669662307727,134,0.0
1669662308,1744.07,1744.22,0.0,0,1669662308052,134,0.0
1669662308,1744.07,1744.23,0.0,0,1669662308304,4,0.0
1669662308,1744.05,1744.22,0.0,0,1669662308678,134,0.0
1669662308,1744.08,1744.22,0.0,0,1669662308997,130,0.0
1669662309,1744.11,1744.26,0.0,0,1669662309086,134,0.0
1669662309,1744.11,1744.24,0.0,0,1669662309407,4,0.0
1669662309,1744.18,1744.34,0.0,0,1669662309688,134,0.0
1669662309,1744.29,1744.45,0.0,0,1669662309789,134,0.0
1669662309,1744.36,1744.5,0.0,0,1669662309924,134,0.0
1669662310,1744.31,1744.46,0.0,0,1669662310045,134,0.0
1669662310,1744.38,1744.55,0.0,0,1669662310236,134,0.0
1669662310,1744.3,1744.47,0.0,0,1669662310618,134,0.0
1669662310,1744.3,1744.46,0.0,0,1669662310853,4,0.0
1669662310,1744.27,1744.42,0.0,0,1669662310953,134,0.0
1669662311,1744.29,1744.42,0.0,0,1669662311075,130,0.0
1669662311,1744.28,1744.46,0.0,0,1669662311611,134,0.0
1669662311,1744.27,1744.45,0.0,0,1669662311743,134,0.0
1669662311,1744.34,1744.48,0.0,0,1669662311907,134,0.0
1669662312,1744.34,1744.47,0.0,0,1669662312017,4,0.0
1669662312,1744.34,1744.5,0.0,0,1669662312206,4,0.0
1669662312,1744.46,1744.6,0.0,0,1669662312317,134,0.0
1669662312,1744.42,1744.6,0.0,0,1669662312409,130,0.0
1669662312,1744.47,1744.6,0.0,0,1669662312520,130,0.0
1669662312,1744.49,1744.66,0.0,0,1669662312617,134,0.0
1669662312,1744.57,1744.66,0.0,0,1669662312731,130,0.0
1669662312,1744.68,1744.85,0.0,0,1669662312860,134,0.0
1669662312,1744.63,1744.77,0.0,0,1669662312954,134,0.0
1669662313,1744.78,1744.96,0.0,0,1669662313096,134,0.0
1669662313,1744.78,1744.94,0.0,0,1669662313200,4,0.0
1669662313,1744.82,1744.96,0.0,0,1669662313376,134,0.0
1669662313,1744.75,1744.89,0.0,0,1669662313476,134,0.0
1669662313,1744.81,1744.97,0.0,0,1669662313667,134,0.0
1669662313,1744.85,1744.97,0.0,0,1669662313771,130,0.0
1669662313,1744.88,1745.06,0.0,0,1669662313869,134,0.0
1669662314,1744.92,1745.09,0.0,0,1669662314274,134,0.0
1669662314,1744.94,1745.17,0.0,0,1669662314375,134,0.0
1669662314,1744.85,1745.09,0.0,0,1669662314474,134,0.0
1669662314,1744.81,1744.98,0.0,0,1669662314576,134,0.0
1669662314,1744.76,1744.98,0.0,0,1669662314884,130,0.0
1669662314,1744.83,1744.98,0.0,0,1669662314995,130,0.0
1669662315,1744.86,1745.02,0.0,0,1669662315214,134,0.0
1669662315,1744.91,1745.09,0.0,0,1669662315566,134,0.0
1669662315,1744.87,1745.09,0.0,0,1669662315733,130,0.0
1669662315,1744.87,1745.08,0.0,0,1669662315876,4,0.0
1669662315,1744.87,1745.06,0.0,0,1669662315978,4,0.0
1669662316,1744.93,1745.05,0.0,0,1669662316196,134,0.0
1669662316,1745.04,1745.24,0.0,0,1669662316367,134,0.0
1669662316,1745.09,1745.27,0.0,0,1669662316474,134,0.0
1669662316,1745.14,1745.33,0.0,0,1669662316573,134,0.0
1669662316,1745.17,1745.42,0.0,0,1669662316670,134,0.0
1669662316,1745.26,1745.51,0.0,0,1669662316820,134,0.0
1669662316,1745.17,1745.42,0.0,0,1669662316943,134,0.0
1669662317,1745.08,1745.33,0.0,0,1669662317058,134,0.0
1669662317,1745.19,1745.4,0.0,0,1669662317459,134,0.0
1669662317,1745.27,1745.46,0.0,0,1669662317567,134,0.0
1669662317,1745.21,1745.42,0.0,0,1669662317680,134,0.0
1669662318,1745.28,1745.48,0.0,0,1669662318138,134,0.0
1669662318,1745.26,1745.48,0.0,0,1669662318247,130,0.0
1669662318,1745.25,1745.46,0.0,0,1669662318407,134,0.0
1669662318,1745.43,1745.57,0.0,0,1669662318702,134,0.0
1669662318,1745.43,1745.66,0.0,0,1669662318925,4,0.0
1669662319,1745.41,1745.58,0.0,0,1669662319085,134,0.0
1669662319,1745.44,1745.66,0.0,0,1669662319185,134,0.0
1669662319,1745.5,1745.67,0.0,0,1669662319385,134,0.0
1669662319,1745.5,1745.74,0.0,0,1669662319487,4,0.0
1669662319,1745.52,1745.74,0.0,0,1669662319591,130,0.0
1669662319,1745.58,1745.76,0.0,0,1669662319733,134,0.0
1669662319,1745.55,1745.72,0.0,0,1669662319833,134,0.0
1669662319,1745.57,1745.81,0.0,0,1669662319936,134,0.0
1669662320,1745.61,1745.81,0.0,0,1669662320037,130,0.0
1669662320,1745.57,1745.72,0.0,0,1669662320138,134,0.0
1669662320,1745.52,1745.72,0.0,0,1669662320239,130,0.0
1669662320,1745.5,1745.72,0.0,0,1669662320355,130,0.0
1669662320,1745.42,1745.65,0.0,0,1669662320537,134,0.0
1669662320,1745.38,1745.57,0.0,0,1669662320739,134,0.0
1669662320,1745.44,1745.57,0.0,0,1669662320858,130,0.0
1669662321,1745.4,1745.57,0.0,0,1669662321034,130,0.0
1669662321,1745.45,1745.57,0.0,0,1669662321145,130,0.0
1669662321,1745.36,1745.51,0.0,0,1669662321411,134,0.0
1669662321,1745.28,1745.43,0.0,0,1669662321501,134,0.0
1669662321,1745.27,1745.43,0.0,0,1669662321837,130,0.0
1669662321,1745.24,1745.42,0.0,0,1669662321946,134,0.0
1669662322,1745.2,1745.34,0.0,0,1669662322502,134,0.0
1669662322,1745.2,1745.35,0.0,0,1669662322755,4,0.0
1669662322,1745.26,1745.38,0.0,0,1669662322867,134,0.0
1669662322,1745.26,1745.42,0.0,0,1669662322994,4,0.0
1669662323,1745.26,1745.44,0.0,0,1669662323247,4,0.0
1669662323,1745.26,1745.42,0.0,0,1669662323353,4,0.0
1669662323,1745.23,1745.41,0.0,0,1669662323645,134,0.0
1669662323,1745.16,1745.28,0.0,0,1669662323873,134,0.0
1669662324,1745.16,1745.32,0.0,0,1669662324027,4,0.0
1669662324,1745.08,1745.22,0.0,0,1669662324155,134,0.0
1669662324,1745.04,1745.23,0.0,0,1669662324459,134,0.0
1669662324,1745.11,1745.31,0.0,0,1669662324627,134,0.0
1669662324,1745.21,1745.39,0.0,0,1669662324746,134,0.0
1669662324,1745.12,1745.31,0.0,0,1669662324855,134,0.0
1669662325,1745.07,1745.25,0.0,0,1669662325218,134,0.0
1669662325,1744.98,1745.2,0.0,0,1669662325595,134,0.0
1669662326,1744.97,1745.14,0.0,0,1669662326135,134,0.0
1669662326,1744.83,1745.0,0.0,0,1669662326236,134,0.0
1669662326,1744.83,1745.05,0.0,0,1669662326340,4,0.0
1669662326,1744.94,1745.06,0.0,0,1669662326440,134,0.0
1669662326,1744.88,1745.02,0.0,0,1669662326848,134,0.0
1669662326,1744.88,1745.01,0.0,0,1669662326956,4,0.0
1669662327,1744.88,1745.06,0.0,0,1669662327058,4,0.0
1669662327,1744.93,1745.1,0.0,0,1669662327350,134,0.0
1669662328,1744.92,1745.1,0.0,0,1669662328223,130,0.0
1669662328,1744.88,1745.05,0.0,0,1669662328818,134,0.0
1669662329,1744.81,1745.01,0.0,0,1669662329088,134,0.0
1669662329,1744.8,1745.0,0.0,0,1669662329195,134,0.0
1669662329,1744.8,1744.96,0.0,0,1669662329360,4,0.0
1669662329,1744.73,1744.86,0.0,0,1669662329460,134,0.0
1669662329,1744.73,1744.94,0.0,0,1669662329569,4,0.0
1669662329,1744.82,1744.95,0.0,0,1669662329691,134,0.0
1669662329,1744.82,1744.92,0.0,0,1669662329792,4,0.0
1669662329,1744.82,1745.0,0.0,0,1669662329935,4,0.0
1669662330,1744.76,1744.91,0.0,0,1669662330037,134,0.0
1669662330,1744.76,1744.93,0.0,0,1669662330193,4,0.0
1669662330,1744.82,1744.94,0.0,0,1669662330427,134,0.0
1669662330,1744.89,1745.03,0.0,0,1669662330769,134,0.0
1669662330,1744.89,1745.09,0.0,0,1669662330985,4,0.0
1669662331,1744.89,1745.01,0.0,0,1669662331087,4,0.0
1669662331,1744.83,1745.01,0.0,0,1669662331257,130,0.0
1669662331,1744.78,1744.95,0.0,0,1669662331360,134,0.0
1669662331,1744.74,1744.89,0.0,0,1669662331465,134,0.0
1669662331,1744.74,1744.91,0.0,0,1669662331578,4,0.0
1669662331,1744.58,1744.78,0.0,0,1669662331759,134,0.0
1669662331,1744.49,1744.63,0.0,0,1669662331855,134,0.0
1669662332,1744.49,1744.64,0.0,0,1669662332079,4,0.0
1669662332,1744.54,1744.64,0.0,0,1669662332437,130,0.0
1669662332,1744.46,1744.62,0.0,0,1669662332789,134,0.0
1669662332,1744.46,1744.6,0.0,0,1669662332891,4,0.0
1669662333,1744.55,1744.69,0.0,0,1669662333070,134,0.0
1669662333,1744.55,1744.71,0.0,0,1669662333179,4,0.0
1669662333,1744.55,1744.7,0.0,0,1669662333597,4,0.0
1669662334,1744.56,1744.7,0.0,0,1669662334089,130,0.0
1669662334,1744.58,1744.7,0.0,0,1669662334355,130,0.0
1669662334,1744.49,1744.62,0.0,0,1669662334477,134,0.0
1669662334,1744.58,1744.67,0.0,0,1669662334580,134,0.0
1669662334,1744.58,1744.69,0.0,0,1669662334674,4,0.0
1669662335,1744.63,1744.78,0.0,0,1669662335062,134,0.0
1669662335,1744.56,1744.69,0.0,0,1669662335427,134,0.0
1669662335,1744.44,1744.63,0.0,0,1669662335761,134,0.0
1669662335,1744.44,1744.6,0.0,0,1669662335906,4,0.0
1669662336,1744.5,1744.65,0.0,0,1669662336057,134,0.0
1669662336,1744.5,1744.62,0.0,0,1669662336162,4,0.0
1669662336,1744.5,1744.65,0.0,0,1669662336750,4,0.0
1669662336,1744.48,1744.64,0.0,0,1669662336867,134,0.0
1669662337,1744.42,1744.56,0.0,0,1669662337390,134,0.0
1669662337,1744.32,1744.49,0.0,0,1669662337517,134,0.0
1669662337,1744.32,1744.46,0.0,0,1669662337676,4,0.0
1669662337,1744.32,1744.43,0.0,0,1669662337785,4,0.0
1669662337,1744.25,1744.4,0.0,0,1669662337930,134,0.0
1669662338,1744.39,1744.5,0.0,0,1669662338647,134,0.0
1669662338,1744.48,1744.62,0.0,0,1669662338746,134,0.0
1669662338,1744.48,1744.67,0.0,0,1669662338853,4,0.0
1669662339,1744.59,1744.71,0.0,0,1669662339038,134,0.0
1669662339,1744.59,1744.7,0.0,0,1669662339268,4,0.0
1669662339,1744.53,1744.67,0.0,0,1669662339447,134,0.0
1669662339,1744.53,1744.64,0.0,0,1669662339546,4,0.0
1669662339,1744.46,1744.63,0.0,0,1669662339757,134,0.0
1669662340,1744.49,1744.69,0.0,0,1669662340388,134,0.0
1669662340,1744.58,1744.7,0.0,0,1669662340657,134,0.0
1669662341,1744.52,1744.69,0.0,0,1669662341013,134,0.0
1669662341,1744.52,1744.64,0.0,0,1669662341137,4,0.0
1669662341,1744.47,1744.63,0.0,0,1669662341888,134,0.0
1669662342,1744.54,1744.66,0.0,0,1669662342237,134,0.0
1669662342,1744.46,1744.63,0.0,0,1669662342500,134,0.0
1669662342,1744.46,1744.64,0.0,0,1669662342735,4,0.0
1669662342,1744.52,1744.63,0.0,0,1669662342987,134,0.0
1669662343,1744.45,1744.64,0.0,0,1669662343540,134,0.0
1669662343,1744.55,1744.65,0.0,0,1669662343689,134,0.0
1669662343,1744.55,1744.66,0.0,0,1669662343959,4,0.0
1669662344,1744.55,1744.65,0.0,0,1669662344061,4,0.0
1669662344,1744.55,1744.67,0.0,0,1669662344275,4,0.0
1669662344,1744.55,1744.68,0.0,0,1669662344386,4,0.0
1669662344,1744.53,1744.69,0.0,0,1669662344754,134,0.0
1669662344,1744.53,1744.64,0.0,0,1669662344890,4,0.0
1669662345,1744.49,1744.63,0.0,0,1669662345356,134,0.0
1669662345,1744.43,1744.55,0.0,0,1669662345803,134,0.0
1669662345,1744.43,1744.59,0.0,0,1669662345966,4,0.0
1669662346,1744.38,1744.54,0.0,0,1669662346376,134,0.0
1669662346,1744.38,1744.53,0.0,0,1669662346503,4,0.0
1669662346,1744.38,1744.54,0.0,0,1669662346609,4,0.0
1669662347,1744.42,1744.56,0.0,0,1669662347116,134,0.0
1669662347,1744.42,1744.51,0.0,0,1669662347316,4,0.0
1669662347,1744.34,1744.5,0.0,0,1669662347430,134,0.0
1669662347,1744.34,1744.54,0.0,0,1669662347628,4,0.0
1669662347,1744.42,1744.54,0.0,0,1669662347727,130,0.0
1669662347,1744.42,1744.55,0.0,0,1669662347868,4,0.0
1669662348,1744.35,1744.55,0.0,0,1669662348453,130,0.0
1669662348,1744.35,1744.45,0.0,0,1669662348556,4,0.0
1669662348,1744.35,1744.51,0.0,0,1669662348667,4,0.0
1669662349,1744.39,1744.52,0.0,0,1669662349239,134,0.0
1669662349,1744.3,1744.45,0.0,0,1669662349363,134,0.0
1669662349,1744.3,1744.42,0.0,0,1669662349518,4,0.0
1669662349,1744.36,1744.45,0.0,0,1669662349763,134,0.0
1669662349,1744.35,1744.42,0.0,0,1669662349866,134,0.0
1669662350,1744.36,1744.45,0.0,0,1669662350024,134,0.0
1669662350,1744.36,1744.48,0.0,0,1669662350125,4,0.0
1669662350,1744.36,1744.51,0.0,0,1669662350223,4,0.0
1669662350,1744.39,1744.54,0.0,0,1669662350471,134,0.0
1669662351,1744.44,1744.62,0.0,0,1669662351006,134,0.0
1669662351,1744.49,1744.62,0.0,0,1669662351557,130,0.0
1669662351,1744.49,1744.64,0.0,0,1669662351667,4,0.0
1669662352,1744.56,1744.63,0.0,0,1669662352079,134,0.0
1669662352,1744.56,1744.69,0.0,0,1669662352447,4,0.0
1669662352,1744.62,1744.71,0.0,0,1669662352801,134,0.0
1669662352,1744.53,1744.68,0.0,0,1669662352976,134,0.0
1669662353,1744.53,1744.63,0.0,0,1669662353080,4,0.0
1669662353,1744.58,1744.7,0.0,0,1669662353423,134,0.0
1669662353,1744.54,1744.67,0.0,0,1669662353703,134,0.0
1669662353,1744.41,1744.54,0.0,0,1669662353844,134,0.0
1669662354,1744.33,1744.44,0.0,0,1669662354036,134,0.0
1669662354,1744.33,1744.43,0.0,0,1669662354137,4,0.0
1669662354,1744.33,1744.41,0.0,0,1669662354251,4,0.0
1669662354,1744.33,1744.4,0.0,0,1669662354453,4,0.0
1669662354,1744.3,1744.41,0.0,0,1669662354716,134,0.0
1669662354,1744.3,1744.43,0.0,0,1669662354886,4,0.0
1669662355,1744.22,1744.34,0.0,0,1669662355086,134,0.0
1669662355,1744.22,1744.35,0.0,0,1669662355189,4,0.0
1669662355,1744.29,1744.36,0.0,0,1669662355727,134,0.0
1669662356,1744.22,1744.35,0.0,0,1669662356025,134,0.0
1669662356,1744.27,1744.42,0.0,0,1669662356146,134,0.0
1669662356,1744.28,1744.42,0.0,0,1669662356477,130,0.0
1669662357,1744.33,1744.44,0.0,0,1669662357125,134,0.0
1669662357,1744.36,1744.52,0.0,0,1669662357245,134,0.0
1669662357,1744.39,1744.54,0.0,0,1669662357716,134,0.0
1669662358,1744.46,1744.6,0.0,0,1669662358215,134,0.0
1669662358,1744.46,1744.62,0.0,0,1669662358315,4,0.0
1669662358,1744.45,1744.56,0.0,0,1669662358519,134,0.0
1669662358,1744.4,1744.52,0.0,0,1669662358668,134,0.0
1669662358,1744.42,1744.57,0.0,0,1669662358874,134,0.0
1669662358,1744.43,1744.58,0.0,0,1669662358976,134,0.0
1669662359,1744.4,1744.54,0.0,0,1669662359178,134,0.0
1669662359,1744.44,1744.59,0.0,0,1669662359309,134,0.0
1669662359,1744.44,1744.54,0.0,0,1669662359459,4,0.0
1669662359,1744.44,1744.55,0.0,0,1669662359669,4,0.0
1669662359,1744.39,1744.55,0.0,0,1669662359946,130,0.0
1669662360,1744.49,1744.61,0.0,0,1669662360262,134,0.0
1669662360,1744.49,1744.63,0.0,0,1669662360366,4,0.0
1669662360,1744.48,1744.63,0.0,0,1669662360611,130,0.0
1669662360,1744.51,1744.61,0.0,0,1669662360738,134,0.0
1669662361,1744.41,1744.54,0.0,0,1669662361204,134,0.0
1669662362,1744.42,1744.54,0.0,0,1669662362132,130,0.0
1669662362,1744.42,1744.56,0.0,0,1669662362468,4,0.0
1669662362,1744.47,1744.59,0.0,0,1669662362630,134,0.0
1669662362,1744.55,1744.68,0.0,0,1669662362974,134,0.0
1669662363,1744.63,1744.72,0.0,0,1669662363084,134,0.0
1669662363,1744.59,1744.73,0.0,0,1669662363182,134,0.0
1669662363,1744.53,1744.66,0.0,0,1669662363282,134,0.0
1669662363,1744.57,1744.69,0.0,0,1669662363396,134,0.0
1669662363,1744.53,1744.65,0.0,0,1669662363504,134,0.0
1669662363,1744.53,1744.66,0.0,0,1669662363737,4,0.0
1669662364,1744.56,1744.69,0.0,0,1669662364045,134,0.0
1669662364,1744.59,1744.73,0.0,0,1669662364166,134,0.0
1669662364,1744.61,1744.74,0.0,0,1669662364280,134,0.0
1669662364,1744.6,1744.74,0.0,0,1669662364482,130,0.0
1669662365,1744.54,1744.67,0.0,0,1669662365527,134,0.0
1669662365,1744.57,1744.7,0.0,0,1669662365675,134,0.0
1669662365,1744.54,1744.67,0.0,0,1669662365776,134,0.0
1669662365,1744.56,1744.7,0.0,0,1669662365945,134,0.0
1669662366,1744.45,1744.58,0.0,0,1669662366249,134,0.0
1669662366,1744.47,1744.59,0.0,0,1669662366551,134,0.0
1669662367,1744.45,1744.59,0.0,0,1669662367371,130,0.0
1669662368,1744.49,1744.59,0.0,0,1669662368033,130,0.0
1669662368,1744.49,1744.62,0.0,0,1669662368445,4,0.0
1669662369,1744.49,1744.63,0.0,0,1669662369027,4,0.0
1669662369,1744.48,1744.64,0.0,0,1669662369210,134,0.0
1669662369,1744.54,1744.66,0.0,0,1669662369308,134,0.0
1669662369,1744.55,1744.7,0.0,0,1669662369605,134,0.0
1669662369,1744.6,1744.73,0.0,0,1669662369717,134,0.0
1669662370,1744.7,1744.79,0.0,0,1669662370006,134,0.0
1669662370,1744.7,1744.83,0.0,0,1669662370104,4,0.0
1669662370,1744.61,1744.74,0.0,0,1669662370543,134,0.0
1669662370,1744.54,1744.7,0.0,0,1669662370678,134,0.0
1669662370,1744.61,1744.73,0.0,0,1669662370827,134,0.0
1669662371,1744.55,1744.7,0.0,0,1669662371178,134,0.0
1669662371,1744.58,1744.71,0.0,0,1669662371287,134,0.0
1669662371,1744.6,1744.72,0.0,0,1669662371487,134,0.0
1669662372,1744.57,1744.69,0.0,0,1669662372046,134,0.0
1669662372,1744.55,1744.69,0.0,0,1669662372150,130,0.0
1669662372,1744.5,1744.65,0.0,0,1669662372250,134,0.0
1669662372,1744.55,1744.66,0.0,0,1669662372348,134,0.0
1669662372,1744.56,1744.67,0.0,0,1669662372726,134,0.0
1669662373,1744.5,1744.64,0.0,0,1669662373126,134,0.0
1669662373,1744.55,1744.67,0.0,0,1669662373334,134,0.0
1669662373,1744.5,1744.64,0.0,0,1669662373467,134,0.0
1669662374,1744.51,1744.64,0.0,0,1669662374006,130,0.0
1669662374,1744.44,1744.56,0.0,0,1669662374415,134,0.0
1669662374,1744.35,1744.51,0.0,0,1669662374566,134,0.0
1669662374,1744.34,1744.47,0.0,0,1669662374668,134,0.0
1669662374,1744.33,1744.46,0.0,0,1669662374852,134,0.0
1669662375,1744.33,1744.45,0.0,0,1669662375046,4,0.0
1669662375,1744.3,1744.44,0.0,0,1669662375151,134,0.0
1669662375,1744.35,1744.5,0.0,0,1669662375281,134,0.0
1669662375,1744.47,1744.61,0.0,0,1669662375426,134,0.0
1669662375,1744.4,1744.56,0.0,0,1669662375527,134,0.0
1669662375,1744.45,1744.59,0.0,0,1669662375633,134,0.0
1669662375,1744.41,1744.55,0.0,0,1669662375733,134,0.0
1669662376,1744.41,1744.56,0.0,0,1669662376455,4,0.0
1669662376,1744.35,1744.5,0.0,0,1669662376610,134,0.0
1669662376,1744.3,1744.44,0.0,0,1669662376714,134,0.0
1669662376,1744.29,1744.43,0.0,0,1669662376815,134,0.0
1669662378,1744.33,1744.47,0.0,0,1669662378006,134,0.0
1669662378,1744.29,1744.44,0.0,0,1669662378168,134,0.0
1669662378,1744.22,1744.36,0.0,0,1669662378269,134,0.0
1669662378,1744.18,1744.34,0.0,0,1669662378376,134,0.0
1669662378,1744.1,1744.23,0.0,0,1669662378476,134,0.0
1669662378,1744.12,1744.27,0.0,0,1669662378577,134,0.0
1669662378,1744.09,1744.25,0.0,0,1669662378753,134,0.0
1669662378,1744.04,1744.21,0.0,0,1669662378892,134,0.0
1669662378,1744.08,1744.22,0.0,0,1669662378995,134,0.0
1669662379,1744.07,1744.22,0.0,0,1669662379373,130,0.0
1669662379,1744.08,1744.27,0.0,0,1669662379611,134,0.0
1669662379,1744.18,1744.35,0.0,0,1669662379709,134,0.0
1669662379,1744.18,1744.33,0.0,0,1669662379927,4,0.0
1669662380,1744.18,1744.35,0.0,0,1669662380802,4,0.0
1669662381,1744.25,1744.41,0.0,0,1669662381161,134,0.0
1669662381,1744.27,1744.41,0.0,0,1669662381338,130,0.0
1669662381,1744.23,1744.41,0.0,0,1669662381490,130,0.0
1669662381,1744.24,1744.38,0.0,0,1669662381615,134,0.0
1669662381,1744.25,1744.4,0.0,0,1669662381923,134,0.0
1669662382,1744.2,1744.38,0.0,0,1669662382517,134,0.0
1669662382,1744.2,1744.37,0.0,0,1669662382987,4,0.0
1669662384,1744.19,1744.32,0.0,0,1669662384482,134,0.0
1669662385,1744.19,1744.33,0.0,0,1669662385469,4,0.0
1669662385,1744.14,1744.29,0.0,0,1669662385990,134,0.0
1669662386,1744.14,1744.3,0.0,0,1669662386078,4,0.0
1669662386,1744.24,1744.38,0.0,0,1669662386307,134,0.0
1669662387,1744.24,1744.39,0.0,0,1669662387413,4,0.0
1669662387,1744.2,1744.37,0.0,0,1669662387638,134,0.0
1669662387,1744.24,1744.4,0.0,0,1669662387895,134,0.0
1669662388,1744.27,1744.4,0.0,0,1669662388325,130,0.0
1669662388,1744.27,1744.41,0.0,0,1669662388507,4,0.0
1669662389,1744.22,1744.34,0.0,0,1669662389677,134,0.0
1669662390,1744.12,1744.28,0.0,0,1669662390178,134,0.0
1669662390,1744.12,1744.24,0.0,0,1669662390277,4,0.0
1669662390,1744.11,1744.24,0.0,0,1669662390378,130,0.0
1669662390,1744.17,1744.32,0.0,0,1669662390964,134,0.0
1669662391,1744.21,1744.33,0.0,0,1669662391064,134,0.0
1669662391,1744.22,1744.35,0.0,0,1669662391165,134,0.0
1669662391,1744.22,1744.32,0.0,0,1669662391269,4,0.0
1669662391,1744.22,1744.36,0.0,0,1669662391369,4,0.0
1669662391,1744.21,1744.34,0.0,0,1669662391480,134,0.0
1669662391,1744.15,1744.28,0.0,0,1669662391811,134,0.0
1669662391,1744.17,1744.28,0.0,0,1669662391917,130,0.0
1669662392,1744.1,1744.24,0.0,0,1669662392118,134,0.0
1669662393,1744.15,1744.25,0.0,0,1669662393397,134,0.0
1669662393,1744.13,1744.23,0.0,0,1669662393890,134,0.0
1669662394,1744.17,1744.25,0.0,0,1669662394078,134,0.0
1669662394,1744.19,1744.26,0.0,0,1669662394167,134,0.0
1669662394,1744.14,1744.23,0.0,0,1669662394269,134,0.0
1669662394,1744.19,1744.27,0.0,0,1669662394371,134,0.0
1669662394,1744.19,1744.29,0.0,0,1669662394473,4,0.0
1669662394,1744.15,1744.25,0.0,0,1669662394741,134,0.0
1669662394,1744.2,1744.27,0.0,0,1669662394844,134,0.0
1669662396,1744.26,1744.33,0.0,0,1669662396662,134,0.0
1669662396,1744.29,1744.36,0.0,0,1669662396760,134,0.0
1669662399,1744.27,1744.36,0.0,0,1669662399320,130,0.0
1669662399,1744.25,1744.36,0.0,0,1669662399525,130,0.0
1669662399,1744.3,1744.37,0.0,0,1669662399637,134,0.0
1669662400,1744.29,1744.36,0.0,0,1669662400093,134,0.0
1669662401,1744.24,1744.36,0.0,0,1669662401529,130,0.0
1669662401,1744.24,1744.35,0.0,0,1669662401805,4,0.0
1669662402,1744.28,1744.35,0.0,0,1669662402038,130,0.0
1669662403,1744.25,1744.35,0.0,0,1669662403125,130,0.0
1669662403,1744.29,1744.36,0.0,0,1669662403343,134,0.0
1669662403,1744.42,1744.49,0.0,0,1669662403625,134,0.0
1669662403,1744.37,1744.48,0.0,0,1669662403915,134,0.0
1669662404,1744.37,1744.49,0.0,0,1669662404571,4,0.0
1669662404,1744.37,1744.48,0.0,0,1669662404674,4,0.0
1669662405,1744.39,1744.48,0.0,0,1669662405614,130,0.0
1669662407,1744.39,1744.47,0.0,0,1669662407046,4,0.0
1669662407,1744.31,1744.43,0.0,0,1669662407441,134,0.0
1669662407,1744.22,1744.33,0.0,0,1669662407539,134,0.0
1669662407,1744.24,1744.33,0.0,0,1669662407704,130,0.0
1669662407,1744.28,1744.37,0.0,0,1669662407808,134,0.0
1669662408,1744.28,1744.39,0.0,0,1669662408080,4,0.0
1669662408,1744.24,1744.37,0.0,0,1669662408354,134,0.0
1669662408,1744.24,1744.36,0.0,0,1669662408745,4,0.0
1669662408,1744.28,1744.36,0.0,0,1669662408946,130,0.0
1669662409,1744.28,1744.37,0.0,0,1669662409146,4,0.0
1669662409,1744.23,1744.35,0.0,0,1669662409539,134,0.0
1669662409,1744.22,1744.33,0.0,0,1669662409700,134,0.0
1669662409,1744.13,1744.26,0.0,0,1669662409801,134,0.0
1669662410,1744.18,1744.26,0.0,0,1669662410160,130,0.0
1669662410,1744.19,1744.29,0.0,0,1669662410633,134,0.0
1669662410,1744.21,1744.3,0.0,0,1669662410765,134,0.0
1669662410,1744.29,1744.36,0.0,0,1669662410866,134,0.0
1669662411,1744.29,1744.39,0.0,0,1669662411256,4,0.0
1669662411,1744.39,1744.49,0.0,0,1669662411419,134,0.0
1669662412,1744.32,1744.42,0.0,0,1669662412189,134,0.0
1669662412,1744.31,1744.42,0.0,0,1669662412330,130,0.0
1669662413,1744.31,1744.41,0.0,0,1669662413120,4,0.0
1669662413,1744.28,1744.38,0.0,0,1669662413213,134,0.0
1669662413,1744.22,1744.36,0.0,0,1669662413562,134,0.0
1669662413,1744.22,1744.34,0.0,0,1669662413663,4,0.0
1669662414,1744.22,1744.33,0.0,0,1669662414121,4,0.0
1669662414,1744.23,1744.33,0.0,0,1669662414329,130,0.0
1669662414,1744.22,1744.32,0.0,0,1669662414654,134,0.0
1669662415,1744.23,1744.34,0.0,0,1669662415914,134,0.0
1669662416,1744.22,1744.32,0.0,0,1669662416690,134,0.0
1669662416,1744.23,1744.34,0.0,0,1669662416794,134,0.0
1669662416,1744.24,1744.39,0.0,0,1669662416971,134,0.0
1669662417,1744.21,1744.35,0.0,0,1669662417067,134,0.0
1669662417,1744.21,1744.36,0.0,0,1669662417211,4,0.0
1669662417,1744.28,1744.4,0.0,0,1669662417343,134,0.0
1669662417,1744.21,1744.35,0.0,0,1669662417705,134,0.0
1669662418,1744.19,1744.33,0.0,0,1669662418409,134,0.0
1669662418,1744.14,1744.27,0.0,0,1669662418559,134,0.0
1669662418,1744.18,1744.29,0.0,0,1669662418858,134,0.0
1669662418,1744.13,1744.25,0.0,0,1669662418970,134,0.0
1669662419,1744.14,1744.25,0.0,0,1669662419101,130,0.0
1669662419,1744.18,1744.29,0.0,0,1669662419636,134,0.0
1669662419,1744.21,1744.29,0.0,0,1669662419747,130,0.0
1669662419,1744.23,1744.3,0.0,0,1669662419921,134,0.0
1669662420,1744.21,1744.29,0.0,0,1669662420023,134,0.0
1669662420,1744.15,1744.29,0.0,0,1669662420149,130,0.0
1669662420,1744.19,1744.29,0.0,0,1669662420245,130,0.0
1669662420,1744.2,1744.31,0.0,0,1669662420397,134,0.0
1669662420,1744.22,1744.36,0.0,0,1669662420507,134,0.0
1669662420,1744.32,1744.42,0.0,0,1669662420616,134,0.0
1669662420,1744.34,1744.48,0.0,0,1669662420723,134,0.0
1669662420,1744.32,1744.45,0.0,0,1669662420866,134,0.0
1669662421,1744.43,1744.56,0.0,0,1669662421047,134,0.0
1669662421,1744.51,1744.64,0.0,0,1669662421174,134,0.0
1669662421,1744.45,1744.59,0.0,0,1669662421326,134,0.0
1669662421,1744.47,1744.58,0.0,0,1669662421425,134,0.0
1669662421,1744.38,1744.52,0.0,0,1669662421528,134,0.0
1669662421,1744.38,1744.5,0.0,0,1669662421795,4,0.0
1669662422,1744.36,1744.51,0.0,0,1669662422069,134,0.0
1669662422,1744.32,1744.45,0.0,0,1669662422170,134,0.0
1669662422,1744.33,1744.47,0.0,0,1669662422277,134,0.0
1669662422,1744.32,1744.46,0.0,0,1669662422386,134,0.0
1669662422,1744.32,1744.47,0.0,0,1669662422509,4,0.0
1669662422,1744.32,1744.45,0.0,0,1669662422606,4,0.0
1669662423,1744.32,1744.44,0.0,0,1669662423009,4,0.0
1669662423,1744.22,1744.39,0.0,0,1669662423109,134,0.0
1669662423,1744.28,1744.41,0.0,0,1669662423205,134,0.0
1669662423,1744.31,1744.42,0.0,0,1669662423346,134,0.0
1669662423,1744.31,1744.46,0.0,0,1669662423450,4,0.0
1669662423,1744.35,1744.51,0.0,0,1669662423682,134,0.0
1669662423,1744.32,1744.46,0.0,0,1669662423785,134,0.0
1669662423,1744.31,1744.46,0.0,0,1669662423931,130,0.0
1669662424,1744.3,1744.41,0.0,0,1669662424114,134,0.0
1669662424,1744.2,1744.36,0.0,0,1669662424666,134,0.0
1669662425,1744.21,1744.3,0.0,0,1669662425186,134,0.0
1669662425,1744.18,1744.3,0.0,0,1669662425365,130,0.0
1669662425,1744.19,1744.33,0.0,0,1669662425552,134,0.0
1669662425,1744.26,1744.37,0.0,0,1669662425675,134,0.0
1669662425,1744.22,1744.37,0.0,0,1669662425809,130,0.0
1669662426,1744.21,1744.37,0.0,0,1669662426018,130,0.0
1669662426,1744.19,1744.34,0.0,0,1669662426335,134,0.0
1669662427,1744.2,1744.34,0.0,0,1669662427316,130,0.0
1669662427,1744.18,1744.33,0.0,0,1669662427426,134,0.0
1669662428,1744.19,1744.35,0.0,0,1669662428063,134,0.0
1669662428,1744.18,1744.35,0.0,0,1669662428175,130,0.0
1669662428,1744.19,1744.32,0.0,0,1669662428326,134,0.0
1669662428,1744.2,1744.32,0.0,0,1669662428494,130,0.0
1669662428,1744.16,1744.26,0.0,0,1669662428801,134,0.0
1669662428,1744.14,1744.26,0.0,0,1669662428897,130,0.0
1669662429,1744.13,1744.22,0.0,0,1669662429340,134,0.0
1669662429,1744.04,1744.2,0.0,0,1669662429492,134,0.0
1669662429,1744.09,1744.22,0.0,0,1669662429638,134,0.0
1669662429,1744.07,1744.22,0.0,0,1669662429811,130,0.0
1669662430,1744.08,1744.15,0.0,0,1669662430084,134,0.0
1669662430,1744.13,1744.22,0.0,0,1669662430213,134,0.0
1669662430,1744.13,1744.23,0.0,0,1669662430370,4,0.0
1669662430,1744.12,1744.23,0.0,0,1669662430584,130,0.0
1669662430,1744.11,1744.24,0.0,0,1669662430734,134,0.0
1669662431,1744.11,1744.22,0.0,0,1669662431346,4,0.0
1669662431,1744.13,1744.22,0.0,0,1669662431465,130,0.0
1669662431,1744.12,1744.24,0.0,0,1669662431586,134,0.0
1669662432,1744.23,1744.36,0.0,0,1669662432379,134,0.0
1669662432,1744.27,1744.38,0.0,0,1669662432509,134,0.0
1669662433,1744.29,1744.38,0.0,0,1669662433009,130,0.0
1669662433,1744.31,1744.4,0.0,0,1669662433250,134,0.0
1669662433,1744.26,1744.38,0.0,0,1669662433828,134,0.0
1669662434,1744.27,1744.38,0.0,0,1669662434322,130,0.0
1669662435,1744.25,1744.39,0.0,0,1669662435087,134,0.0
1669662435,1744.25,1744.35,0.0,0,1669662435363,4,0.0
1669662435,1744.17,1744.28,0.0,0,1669662435464,134,0.0
1669662435,1744.25,1744.33,0.0,0,1669662435741,134,0.0
1669662435,1744.24,1744.33,0.0,0,1669662435856,130,0.0
1669662436,1744.26,1744.33,0.0,0,1669662436185,130,0.0
1669662436,1744.24,1744.34,0.0,0,1669662436446,134,0.0
1669662436,1744.27,1744.38,0.0,0,1669662436774,134,0.0
1669662436,1744.25,1744.36,0.0,0,1669662436876,134,0.0
1669662437,1744.21,1744.34,0.0,0,1669662437395,134,0.0
1669662437,1744.28,1744.37,0.0,0,1669662437509,134,0.0
1669662437,1744.34,1744.41,0.0,0,1669662437872,134,0.0
1669662438,1744.35,1744.42,0.0,0,1669662438121,134,0.0
1669662438,1744.35,1744.43,0.0,0,1669662438625,4,0.0
1669662438,1744.35,1744.47,0.0,0,1669662438915,4,0.0
1669662439,1744.37,1744.47,0.0,0,1669662439137,130,0.0
1669662439,1744.45,1744.52,0.0,0,1669662439325,134,0.0
1669662439,1744.45,1744.53,0.0,0,1669662439466,4,0.0
1669662440,1744.35,1744.47,0.0,0,1669662440098,134,0.0
1669662440,1744.3,1744.42,0.0,0,1669662440213,134,0.0
1669662440,1744.27,1744.36,0.0,0,1669662440315,134,0.0
1669662440,1744.31,1744.38,0.0,0,1669662440427,134,0.0
1669662441,1744.25,1744.37,0.0,0,1669662441033,134,0.0
1669662441,1744.24,1744.36,0.0,0,1669662441153,134,0.0
1669662441,1744.24,1744.37,0.0,0,1669662441345,4,0.0
1669662442,1744.25,1744.37,0.0,0,1669662442522,130,0.0
1669662442,1744.24,1744.35,0.0,0,1669662442623,134,0.0
1669662442,1744.3,1744.41,0.0,0,1669662442916,134,0.0
1669662443,1744.25,1744.38,0.0,0,1669662443165,134,0.0
1669662443,1744.25,1744.35,0.0,0,1669662443605,4,0.0
1669662443,1744.24,1744.35,0.0,0,1669662443925,130,0.0
1669662444,1744.16,1744.29,0.0,0,1669662444087,134,0.0
1669662444,1744.16,1744.26,0.0,0,1669662444311,4,0.0
1669662445,1744.15,1744.27,0.0,0,1669662445313,134,0.0
1669662445,1744.2,1744.3,0.0,0,1669662445726,134,0.0
1669662446,1744.21,1744.3,0.0,0,1669662446296,130,0.0
1669662446,1744.2,1744.31,0.0,0,1669662446865,134,0.0
1669662447,1744.17,1744.31,0.0,0,1669662447227,130,0.0
1669662447,1744.2,1744.31,0.0,0,1669662447523,130,0.0
1669662447,1744.22,1744.31,0.0,0,1669662447895,130,0.0
1669662448,1744.26,1744.35,0.0,0,1669662448006,134,0.0
1669662448,1744.33,1744.42,0.0,0,1669662448111,134,0.0
1669662448,1744.29,1744.41,0.0,0,1669662448214,134,0.0
1669662448,1744.29,1744.39,0.0,0,1669662448309,4,0.0
1669662448,1744.3,1744.42,0.0,0,1669662448566,134,0.0
1669662448,1744.3,1744.41,0.0,0,1669662448816,4,0.0
1669662448,1744.3,1744.43,0.0,0,1669662448935,4,0.0
1669662449,1744.29,1744.43,0.0,0,1669662449072,130,0.0
1669662449,1744.33,1744.43,0.0,0,1669662449256,130,0.0
1669662449,1744.3,1744.43,0.0,0,1669662449380,130,0.0
1669662449,1744.29,1744.43,0.0,0,1669662449492,130,0.0
1669662450,1744.29,1744.42,0.0,0,1669662450238,4,0.0
1669662450,1744.27,1744.34,0.0,0,1669662450340,134,0.0
1669662450,1744.23,1744.32,0.0,0,1669662450440,134,0.0
1669662450,1744.25,1744.37,0.0,0,1669662450727,134,0.0
1669662450,1744.21,1744.31,0.0,0,1669662450822,134,0.0
1669662450,1744.2,1744.31,0.0,0,1669662450925,130,0.0
1669662451,1744.23,1744.31,0.0,0,1669662451297,130,0.0
1669662451,1744.19,1744.3,0.0,0,1669662451731,134,0.0
1669662451,1744.2,1744.33,0.0,0,1669662451833,134,0.0
1669662451,1744.2,1744.34,0.0,0,1669662451935,4,0.0
1669662452,1744.22,1744.33,0.0,0,1669662452374,134,0.0
1669662452,1744.24,1744.34,0.0,0,1669662452485,134,0.0
1669662452,1744.22,1744.34,0.0,0,1669662452611,130,0.0
1669662452,1744.22,1744.33,0.0,0,1669662452706,4,0.0
1669662452,1744.29,1744.4,0.0,0,1669662452832,134,0.0
1669662452,1744.22,1744.36,0.0,0,1669662452956,134,0.0
1669662453,1744.2,1744.36,0.0,0,1669662453057,130,0.0
1669662453,1744.19,1744.33,0.0,0,1669662453264,134,0.0
1669662453,1744.23,1744.33,0.0,0,1669662453405,130,0.0
1669662453,1744.24,1744.33,0.0,0,1669662453495,130,0.0
1669662454,1744.2,1744.33,0.0,0,1669662454067,130,0.0
1669662454,1744.22,1744.33,0.0,0,1669662454322,130,0.0
1669662454,1744.29,1744.39,0.0,0,1669662454446,134,0.0
1669662455,1744.24,1744.39,0.0,0,1669662455029,130,0.0
1669662455,1744.29,1744.39,0.0,0,1669662455336,130,0.0
1669662455,1744.26,1744.38,0.0,0,1669662455620,134,0.0
1669662455,1744.26,1744.36,0.0,0,1669662455772,4,0.0
1669662456,1744.29,1744.37,0.0,0,1669662456213,134,0.0
1669662456,1744.33,1744.4,0.0,0,1669662456615,134,0.0
1669662456,1744.39,1744.49,0.0,0,1669662456910,134,0.0
1669662458,1744.4,1744.5,0.0,0,1669662458334,134,0.0
1669662458,1744.39,1744.49,0.0,0,1669662458650,134,0.0
1669662459,1744.44,1744.51,0.0,0,1669662459265,134,0.0
1669662459,1744.44,1744.53,0.0,0,1669662459531,4,0.0
1669662459,1744.43,1744.53,0.0,0,1669662459884,130,0.0
1669662460,1744.33,1744.46,0.0,0,1669662460994,134,0.0
1669662461,1744.37,1744.44,0.0,0,1669662461148,134,0.0
1669662461,1744.42,1744.53,0.0,0,1669662461265,134,0.0
1669662461,1744.37,1744.48,0.0,0,1669662461601,134,0.0
1669662461,1744.39,1744.47,0.0,0,1669662461704,134,0.0
1669662463,1744.34,1744.46,0.0,0,1669662463643,134,0.0
1669662463,1744.38,1744.48,0.0,0,1669662463849,134,0.0
1669662464,1744.39,1744.48,0.0,0,1669662464048,130,0.0
1669662464,1744.34,1744.48,0.0,0,1669662464178,130,0.0
1669662464,1744.33,1744.46,0.0,0,1669662464357,134,0.0
1669662464,1744.33,1744.47,0.0,0,1669662464950,4,0.0
1669662465,1744.33,1744.49,0.0,0,1669662465150,4,0.0
1669662465,1744.34,1744.48,0.0,0,1669662465982,134,0.0
1669662466,1744.34,1744.47,0.0,0,1669662466154,4,0.0
1669662466,1744.34,1744.46,0.0,0,1669662466965,4,0.0
1669662467,1744.33,1744.46,0.0,0,1669662467318,130,0.0
1669662467,1744.39,1744.47,0.0,0,1669662467835,134,0.0
1669662468,1744.39,1744.49,0.0,0,1669662468335,4,0.0
1669662468,1744.35,1744.49,0.0,0,1669662468655,130,0.0
1669662468,1744.33,1744.49,0.0,0,1669662468809,130,0.0
1669662469,1744.33,1744.48,0.0,0,1669662469205,4,0.0
1669662469,1744.39,1744.49,0.0,0,1669662469356,134,0.0
1669662469,1744.43,1744.51,0.0,0,1669662469647,134,0.0
1669662469,1744.43,1744.56,0.0,0,1669662469922,4,0.0
1669662470,1744.42,1744.56,0.0,0,1669662470432,130,0.0
1669662471,1744.43,1744.55,0.0,0,1669662471118,134,0.0
1669662473,1744.58,1744.7,0.0,0,1669662473504,134,0.0
1669662473,1744.73,1744.8,0.0,0,1669662473609,134,0.0
1669662473,1744.72,1744.8,0.0,0,1669662473751,130,0.0
1669662474,1744.68,1744.8,0.0,0,1669662474202,130,0.0
1669662474,1744.64,1744.76,0.0,0,1669662474311,134,0.0
1669662475,1744.64,1744.77,0.0,0,1669662475165,4,0.0
1669662475,1744.64,1744.76,0.0,0,1669662475610,4,0.0
1669662475,1744.64,1744.77,0.0,0,1669662475885,4,0.0
1669662476,1744.69,1744.82,0.0,0,1669662476575,134,0.0
1669662476,1744.75,1744.87,0.0,0,1669662476804,134,0.0
1669662477,1744.75,1744.89,0.0,0,1669662477783,4,0.0
1669662478,1744.74,1744.89,0.0,0,1669662478682,130,0.0
1669662479,1744.75,1744.89,0.0,0,1669662479741,130,0.0
1669662480,1744.72,1744.84,0.0,0,1669662480252,134,0.0
1669662480,1744.73,1744.84,0.0,0,1669662480353,130,0.0
1669662480,1744.73,1744.86,0.0,0,1669662480875,4,0.0
1669662481,1744.73,1744.84,0.0,0,1669662481343,4,0.0
1669662481,1744.73,1744.82,0.0,0,1669662481586,4,0.0
1669662481,1744.65,1744.73,0.0,0,1669662481942,134,0.0
1669662482,1744.58,1744.69,0.0,0,1669662482040,134,0.0
1669662482,1744.53,1744.67,0.0,0,1669662482138,134,0.0
1669662482,1744.52,1744.67,0.0,0,1669662482272,130,0.0
1669662482,1744.57,1744.67,0.0,0,1669662482402,130,0.0
1669662482,1744.57,1744.73,0.0,0,1669662482580,4,0.0
1669662482,1744.62,1744.73,0.0,0,1669662482701,130,0.0
1669662483,1744.62,1744.71,0.0,0,1669662483513,4,0.0
1669662484,1744.62,1744.75,0.0,0,1669662484325,4,0.0
1669662485,1744.63,1744.75,0.0,0,1669662485030,130,0.0
1669662485,1744.63,1744.74,0.0,0,1669662485744,4,0.0
1669662486,1744.62,1744.74,0.0,0,1669662486039,130,0.0
1669662486,1744.53,1744.68,0.0,0,1669662486151,134,0.0
1669662486,1744.52,1744.63,0.0,0,1669662486244,134,0.0
1669662486,1744.45,1744.61,0.0,0,1669662486453,134,0.0
1669662486,1744.41,1744.51,0.0,0,1669662486544,134,0.0
1669662486,1744.37,1744.51,0.0,0,1669662486693,130,0.0
1669662486,1744.36,1744.51,0.0,0,1669662486910,130,0.0
1669662487,1744.36,1744.5,0.0,0,1669662487243,4,0.0
1669662488,1744.4,1744.5,0.0,0,1669662488026,130,0.0
1669662488,1744.43,1744.56,0.0,0,1669662488176,134,0.0
1669662488,1744.4,1744.52,0.0,0,1669662488277,134,0.0
1669662489,1744.39,1744.52,0.0,0,1669662489093,130,0.0
1669662489,1744.39,1744.5,0.0,0,1669662489397,4,0.0
1669662489,1744.44,1744.53,0.0,0,1669662489727,134,0.0
1669662489,1744.44,1744.55,0.0,0,1669662489822,4,0.0
1669662490,1744.39,1744.53,0.0,0,1669662490203,134,0.0
1669662490,1744.43,1744.55,0.0,0,1669662490323,134,0.0
1669662490,1744.44,1744.55,0.0,0,1669662490835,130,0.0
1669662491,1744.44,1744.54,0.0,0,1669662491428,4,0.0
1669662491,1744.43,1744.54,0.0,0,1669662491712,130,0.0
1669662493,1744.42,1744.55,0.0,0,1669662493631,134,0.0
1669662494,1744.42,1744.54,0.0,0,1669662494199,4,0.0
1669662494,1744.41,1744.52,0.0,0,1669662494772,134,0.0
1669662495,1744.41,1744.54,0.0,0,1669662495103,4,0.0
1669662495,1744.38,1744.51,0.0,0,1669662495880,134,0.0
1669662495,1744.36,1744.44,0.0,0,1669662495981,134,0.0
1669662496,1744.36,1744.43,0.0,0,1669662496133,4,0.0
1669662496,1744.32,1744.43,0.0,0,1669662496355,130,0.0
1669662496,1744.23,1744.38,0.0,0,1669662496752,134,0.0
1669662496,1744.27,1744.39,0.0,0,1669662496913,134,0.0
1669662497,1744.31,1744.4,0.0,0,1669662497013,134,0.0
1669662497,1744.31,1744.46,0.0,0,1669662497473,4,0.0
1669662497,1744.31,1744.43,0.0,0,1669662497573,4,0.0
1669662497,1744.27,1744.43,0.0,0,1669662497697,130,0.0
1669662497,1744.27,1744.41,0.0,0,1669662497920,4,0.0
1669662499,1744.27,1744.36,0.0,0,1669662499199,4,0.0
1669662499,1744.23,1744.36,0.0,0,1669662499361,130,0.0
1669662499,1744.23,1744.37,0.0,0,1669662499826,4,0.0
1669662500,1744.27,1744.37,0.0,0,1669662500035,130,0.0
1669662500,1744.3,1744.39,0.0,0,1669662500133,134,0.0
1669662500,1744.27,1744.39,0.0,0,1669662500327,130,0.0
1669662500,1744.26,1744.39,0.0,0,1669662500425,130,0.0
1669662500,1744.14,1744.3,0.0,0,1669662500727,134,0.0
1669662500,1744.13,1744.28,0.0,0,1669662500848,134,0.0
1669662501,1744.13,1744.29,0.0,0,1669662501047,4,0.0
1669662501,1744.19,1744.33,0.0,0,1669662501228,134,0.0
1669662501,1744.19,1744.29,0.0,0,1669662501331,4,0.0
1669662501,1744.19,1744.27,0.0,0,1669662501451,4,0.0
1669662501,1744.13,1744.27,0.0,0,1669662501742,130,0.0
1669662502,1744.13,1744.26,0.0,0,1669662502189,4,0.0
1669662502,1744.12,1744.26,0.0,0,1669662502473,130,0.0
1669662502,1744.12,1744.25,0.0,0,1669662502615,4,0.0
1669662503,1744.16,1744.26,0.0,0,1669662503573,134,0.0
1669662503,1744.21,1744.3,0.0,0,1669662503675,134,0.0
1669662503,1744.21,1744.33,0.0,0,1669662503811,4,0.0
1669662504,1744.28,1744.45,0.0,0,1669662504142,134,0.0
1669662504,1744.33,1744.46,0.0,0,1669662504251,134,0.0
1669662504,1744.28,1744.45,0.0,0,1669662504433,134,0.0
1669662504,1744.27,1744.44,0.0,0,1669662504679,134,0.0
1669662504,1744.27,1744.36,0.0,0,1669662504897,4,0.0
1669662505,1744.22,1744.35,0.0,0,1669662505004,134,0.0
1669662506,1744.22,1744.34,0.0,0,1669662506919,4,0.0
1669662507,1744.3,1744.39,0.0,0,1669662507557,134,0.0
1669662507,1744.3,1744.43,0.0,0,1669662507923,4,0.0
1669662508,1744.3,1744.45,0.0,0,1669662508207,4,0.0
1669662508,1744.29,1744.44,0.0,0,1669662508895,134,0.0
1669662509,1744.29,1744.43,0.0,0,1669662509149,4,0.0
1669662509,1744.25,1744.41,0.0,0,1669662509505,134,0.0
1669662509,1744.25,1744.39,0.0,0,1669662509643,4,0.0
1669662509,1744.27,1744.4,0.0,0,1669662509908,134,0.0
1669662510,1744.27,1744.41,0.0,0,1669662510120,4,0.0
1669662510,1744.25,1744.41,0.0,0,1669662510396,130,0.0
1669662510,1744.24,1744.37,0.0,0,1669662510512,134,0.0
1669662511,1744.22,1744.37,0.0,0,1669662511368,130,0.0
1669662512,1744.28,1744.4,0.0,0,1669662512122,134,0.0
1669662512,1744.27,1744.41,0.0,0,1669662512238,134,0.0
1669662512,1744.33,1744.45,0.0,0,1669662512512,134,0.0
1669662513,1744.33,1744.46,0.0,0,1669662513293,4,0.0
1669662513,1744.34,1744.47,0.0,0,1669662513454,134,0.0
1669662513,1744.34,1744.44,0.0,0,1669662513653,4,0.0
1669662514,1744.32,1744.44,0.0,0,1669662514504,130,0.0
1669662514,1744.37,1744.49,0.0,0,1669662514801,134,0.0
1669662514,1744.36,1744.49,0.0,0,1669662514962,130,0.0
1669662515,1744.35,1744.49,0.0,0,1669662515622,130,0.0
1669662516,1744.33,1744.48,0.0,0,1669662516193,134,0.0
1669662516,1744.33,1744.47,0.0,0,1669662516621,4,0.0
1669662517,1744.32,1744.47,0.0,0,1669662517295,130,0.0
1669662517,1744.33,1744.48,0.0,0,1669662517581,134,0.0
1669662517,1744.32,1744.47,0.0,0,1669662517966,134,0.0
1669662518,1744.34,1744.49,0.0,0,1669662518137,134,0.0
1669662519,1744.32,1744.48,0.0,0,1669662519097,134,0.0
1669662519,1744.33,1744.48,0.0,0,1669662519401,130,0.0
1669662519,1744.32,1744.48,0.0,0,1669662519819,130,0.0
1669662520,1744.33,1744.48,0.0,0,1669662520040,130,0.0
1669662520,1744.37,1744.48,0.0,0,1669662520632,130,0.0
1669662520,1744.36,1744.48,0.0,0,1669662520734,130,0.0
1669662521,1744.33,1744.49,0.0,0,1669662521352,134,0.0
1669662521,1744.36,1744.48,0.0,0,1669662521575,134,0.0
1669662521,1744.36,1744.49,0.0,0,1669662521715,4,0.0
1669662521,1744.33,1744.49,0.0,0,1669662521973,130,0.0
1669662522,1744.34,1744.45,0.0,0,1669662522602,134,0.0
1669662522,1744.41,1744.48,0.0,0,1669662522882,134,0.0
1669662523,1744.34,1744.48,0.0,0,1669662523213,130,0.0
1669662523,1744.37,1744.47,0.0,0,1669662523649,134,0.0
1669662523,1744.4,1744.52,0.0,0,1669662523867,134,0.0
1669662523,1744.38,1744.5,0.0,0,1669662523972,134,0.0
1669662524,1744.41,1744.5,0.0,0,1669662524106,130,0.0
1669662524,1744.41,1744.51,0.0,0,1669662524317,4,0.0
1669662525,1744.47,1744.58,0.0,0,1669662525860,134,0.0
1669662526,1744.48,1744.61,0.0,0,1669662526056,134,0.0
1669662526,1744.48,1744.6,0.0,0,1669662526222,4,0.0
1669662526,1744.4,1744.56,0.0,0,1669662526324,134,0.0
1669662526,1744.29,1744.42,0.0,0,1669662526802,134,0.0
1669662526,1744.18,1744.33,0.0,0,1669662526897,134,0.0
1669662527,1744.16,1744.31,0.0,0,1669662527003,134,0.0
1669662527,1744.2,1744.33,0.0,0,1669662527144,134,0.0
1669662527,1744.22,1744.33,0.0,0,1669662527263,130,0.0
1669662527,1744.26,1744.38,0.0,0,1669662527401,134,0.0
1669662527,1744.22,1744.38,0.0,0,1669662527503,130,0.0
1669662528,1744.25,1744.41,0.0,0,1669662528089,134,0.0
1669662528,1744.26,1744.42,0.0,0,1669662528283,134,0.0
1669662528,1744.31,1744.45,0.0,0,1669662528665,134,0.0
1669662528,1744.29,1744.46,0.0,0,1669662528869,134,0.0
1669662529,1744.28,1744.41,0.0,0,1669662529001,134,0.0
1669662529,1744.31,1744.45,0.0,0,1669662529425,134,0.0
1669662529,1744.28,1744.45,0.0,0,1669662529526,130,0.0
1669662529,1744.3,1744.45,0.0,0,1669662529951,130,0.0
1669662530,1744.31,1744.48,0.0,0,1669662530263,134,0.0
1669662530,1744.32,1744.5,0.0,0,1669662530369,134,0.0
1669662530,1744.32,1744.49,0.0,0,1669662530833,4,0.0
1669662531,1744.35,1744.49,0.0,0,1669662531141,130,0.0
1669662531,1744.36,1744.49,0.0,0,1669662531367,130,0.0
1669662531,1744.36,1744.52,0.0,0,1669662531590,4,0.0
1669662531,1744.46,1744.61,0.0,0,1669662531927,134,0.0
1669662532,1744.43,1744.59,0.0,0,1669662532073,134,0.0
1669662532,1744.4,1744.55,0.0,0,1669662532440,134,0.0
1669662532,1744.35,1744.48,0.0,0,1669662532811,134,0.0
1669662533,1744.36,1744.48,0.0,0,1669662533052,130,0.0
1669662533,1744.36,1744.5,0.0,0,1669662533622,4,0.0
1669662534,1744.39,1744.5,0.0,0,1669662534062,130,0.0
1669662534,1744.39,1744.51,0.0,0,1669662534700,4,0.0
1669662535,1744.39,1744.54,0.0,0,1669662535511,4,0.0
1669662536,1744.4,1744.53,0.0,0,1669662536348,134,0.0
1669662536,1744.41,1744.56,0.0,0,1669662536637,134,0.0
1669662536,1744.42,1744.56,0.0,0,1669662536735,130,0.0
1669662537,1744.46,1744.59,0.0,0,1669662537093,134,0.0
1669662537,1744.45,1744.6,0.0,0,1669662537821,134,0.0
1669662538,1744.42,1744.59,0.0,0,1669662538278,134,0.0
1669662539,1744.41,1744.55,0.0,0,1669662539622,134,0.0
1669662539,1744.42,1744.55,0.0,0,1669662539816,130,0.0
1669662540,1744.46,1744.58,0.0,0,1669662540011,134,0.0
1669662540,1744.42,1744.58,0.0,0,1669662540278,130,0.0
1669662540,1744.41,1744.55,0.0,0,1669662540460,134,0.0
1669662541,1744.34,1744.49,0.0,0,1669662541373,134,0.0
1669662541,1744.32,1744.49,0.0,0,1669662541479,130,0.0
1669662542,1744.35,1744.5,0.0,0,1669662542153,134,0.0
1669662542,1744.36,1744.49,0.0,0,1669662542615,134,0.0
1669662543,1744.36,1744.5,0.0,0,1669662543449,4,0.0
1669662543,1744.32,1744.48,0.0,0,1669662543972,134,0.0
1669662544,1744.34,1744.48,0.0,0,1669662544074,130,0.0
1669662544,1744.32,1744.48,0.0,0,1669662544201,130,0.0
1669662545,1744.32,1744.46,0.0,0,1669662545219,4,0.0
1669662545,1744.23,1744.4,0.0,0,1669662545712,134,0.0
1669662545,1744.26,1744.4,0.0,0,1669662545910,130,0.0
1669662546,1744.28,1744.41,0.0,0,1669662546101,134,0.0
1669662546,1744.28,1744.43,0.0,0,1669662546343,4,0.0
1669662546,1744.28,1744.44,0.0,0,1669662546804,4,0.0
1669662546,1744.25,1744.42,0.0,0,1669662546903,134,0.0
1669662547,1744.23,1744.39,0.0,0,1669662547422,134,0.0
1669662548,1744.21,1744.36,0.0,0,1669662548159,134,0.0
1669662548,1744.1,1744.23,0.0,0,1669662548342,134,0.0
1669662548,1744.12,1744.27,0.0,0,1669662548515,134,0.0
1669662548,1744.06,1744.2,0.0,0,1669662548710,134,0.0
1669662548,1744.01,1744.18,0.0,0,1669662548797,134,0.0
1669662548,1744.01,1744.17,0.0,0,1669662548944,4,0.0
1669662549,1743.96,1744.13,0.0,0,1669662549044,134,0.0
1669662549,1743.95,1744.13,0.0,0,1669662549144,130,0.0
1669662549,1744.0,1744.15,0.0,0,1669662549542,134,0.0
1669662549,1744.01,1744.17,0.0,0,1669662549663,134,0.0
1669662549,1744.02,1744.17,0.0,0,1669662549855,130,0.0
1669662550,1744.01,1744.15,0.0,0,1669662550101,134,0.0
1669662550,1744.02,1744.15,0.0,0,1669662550222,130,0.0
1669662550,1744.08,1744.2,0.0,0,1669662550847,134,0.0
1669662551,1744.01,1744.18,0.0,0,1669662551050,134,0.0
1669662552,1744.03,1744.2,0.0,0,1669662552059,134,0.0
1669662552,1744.02,1744.2,0.0,0,1669662552153,130,0.0
1669662552,1744.05,1744.2,0.0,0,1669662552721,130,0.0
1669662553,1744.1,1744.24,0.0,0,1669662553352,134,0.0
1669662553,1744.09,1744.24,0.0,0,1669662553547,130,0.0
1669662553,1744.09,1744.22,0.0,0,1669662553884,4,0.0
1669662553,1744.06,1744.22,0.0,0,1669662553988,130,0.0
1669662554,1744.16,1744.3,0.0,0,1669662554102,134,0.0
1669662554,1744.14,1744.29,0.0,0,1669662554923,134,0.0
1669662555,1744.06,1744.23,0.0,0,1669662555198,134,0.0
1669662555,1744.06,1744.18,0.0,0,1669662555358,4,0.0
1669662555,1744.01,1744.16,0.0,0,1669662555461,134,0.0
1669662556,1744.01,1744.17,0.0,0,1669662556462,4,0.0
1669662556,1744.01,1744.13,0.0,0,1669662556562,4,0.0
1669662556,1744.01,1744.18,0.0,0,1669662556928,4,0.0
1669662557,1744.02,1744.19,0.0,0,1669662557201,134,0.0
1669662557,1744.06,1744.19,0.0,0,1669662557563,130,0.0
1669662558,1744.05,1744.2,0.0,0,1669662558625,134,0.0
1669662558,1744.05,1744.21,0.0,0,1669662558918,4,0.0
1669662559,1744.09,1744.24,0.0,0,1669662559849,134,0.0
1669662559,1744.07,1744.24,0.0,0,1669662559981,130,0.0
1669662561,1744.06,1744.24,0.0,0,1669662561990,130,0.0
1669662562,1744.08,1744.24,0.0,0,1669662562871,130,0.0
1669662563,1744.16,1744.32,0.0,0,1669662563168,134,0.0
1669662563,1744.16,1744.25,0.0,0,1669662563299,4,0.0
1669662563,1744.16,1744.3,0.0,0,1669662563421,4,0.0
1669662563,1744.15,1744.3,0.0,0,1669662563884,130,0.0
1669662565,1744.2,1744.34,0.0,0,1669662565697,134,0.0
1669662565,1744.21,1744.37,0.0,0,1669662565799,134,0.0
1669662566,1744.22,1744.37,0.0,0,1669662566522,130,0.0
1669662566,1744.22,1744.34,0.0,0,1669662566638,4,0.0
1669662566,1744.22,1744.35,0.0,0,1669662566865,4,0.0
1669662567,1744.18,1744.35,0.0,0,1669662567216,130,0.0
1669662568,1744.17,1744.35,0.0,0,1669662568148,130,0.0
1669662568,1744.19,1744.35,0.0,0,1669662568925,130,0.0
1669662569,1744.16,1744.34,0.0,0,1669662569641,134,0.0
1669662570,1744.16,1744.32,0.0,0,1669662570761,4,0.0
1669662571,1744.15,1744.32,0.0,0,1669662571592,130,0.0
1669662572,1744.17,1744.32,0.0,0,1669662572344,130,0.0
1669662574,1744.16,1744.32,0.0,0,1669662574550,130,0.0
1669662575,1744.19,1744.34,0.0,0,1669662575348,134,0.0
1669662576,1744.17,1744.34,0.0,0,1669662576186,130,0.0
1669662576,1744.16,1744.32,0.0,0,1669662576463,134,0.0
1669662577,1744.15,1744.33,0.0,0,1669662577071,134,0.0
1669662578,1744.16,1744.32,0.0,0,1669662578060,134,0.0
1669662578,1744.21,1744.33,0.0,0,1669662578522,134,0.0
1669662579,1744.17,1744.34,0.0,0,1669662579279,134,0.0
1669662579,1744.18,1744.33,0.0,0,1669662579839,134,0.0
1669662580,1744.26,1744.39,0.0,0,1669662580992,134,0.0
1669662581,1744.27,1744.42,0.0,0,1669662581096,134,0.0
1669662581,1744.2,1744.35,0.0,0,1669662581394,134,0.0
1669662583,1744.18,1744.33,0.0,0,1669662583060,134,0.0
1669662583,1744.16,1744.32,0.0,0,1669662583671,134,0.0
1669662584,1744.15,1744.3,0.0,0,1669662584092,134,0.0
1669662584,1744.15,1744.27,0.0,0,1669662584260,4,0.0
1669662584,1744.13,1744.28,0.0,0,1669662584600,134,0.0
1669662584,1744.11,1744.27,0.0,0,1669662584751,134,0.0
1669662585,1744.08,1744.23,0.0,0,1669662585108,134,0.0
1669662585,1744.05,1744.21,0.0,0,1669662585219,134,0.0
1669662585,1744.08,1744.23,0.0,0,1669662585570,134,0.0
1669662586,1744.13,1744.25,0.0,0,1669662586092,134,0.0
1669662586,1744.13,1744.23,0.0,0,1669662586459,4,0.0
1669662586,1744.09,1744.23,0.0,0,1669662586707,130,0.0
1669662587,1744.08,1744.23,0.0,0,1669662587482,130,0.0
1669662588,1744.05,1744.22,0.0,0,1669662588514,134,0.0
1669662589,1744.07,1744.21,0.0,0,1669662589412,134,0.0
1669662589,1744.03,1744.18,0.0,0,1669662589892,134,0.0
1669662590,1744.07,1744.22,0.0,0,1669662590282,134,0.0
1669662590,1744.07,1744.25,0.0,0,1669662590403,4,0.0
1669662590,1744.06,1744.24,0.0,0,1669662590801,134,0.0
1669662592,1744.02,1744.2,0.0,0,1669662592230,134,0.0
1669662593,1744.05,1744.21,0.0,0,1669662593402,134,0.0
1669662593,1744.07,1744.25,0.0,0,1669662593801,134,0.0
1669662594,1744.06,1744.19,0.0,0,1669662594923,134,0.0
1669662595,1744.06,1744.22,0.0,0,1669662595418,4,0.0
1669662595,1743.93,1744.08,0.0,0,1669662595699,134,0.0
1669662595,1743.94,1744.1,0.0,0,1669662595946,134,0.0
1669662596,1743.99,1744.14,0.0,0,1669662596134,134,0.0
1669662596,1743.97,1744.12,0.0,0,1669662596300,134,0.0
1669662596,1743.96,1744.11,0.0,0,1669662596432,134,0.0
1669662597,1743.94,1744.09,0.0,0,1669662597224,134,0.0
1669662597,1743.92,1744.08,0.0,0,1669662597364,134,0.0
1669662598,1743.83,1743.95,0.0,0,1669662598209,134,0.0
1669662598,1743.83,1743.96,0.0,0,1669662598306,4,0.0
1669662598,1743.84,1743.99,0.0,0,1669662598433,134,0.0
1669662598,1743.9,1744.06,0.0,0,1669662598649,134,0.0
1669662598,1743.89,1744.03,0.0,0,1669662598755,134,0.0
1669662599,1743.85,1744.03,0.0,0,1669662599407,130,0.0
1669662599,1743.85,1744.0,0.0,0,1669662599836,4,0.0
1669662599,1743.86,1744.01,0.0,0,1669662599951,134,0.0
1669662600,1743.88,1744.04,0.0,0,1669662600223,134,0.0
1669662600,1743.86,1744.01,0.0,0,1669662600316,134,0.0
1669662600,1743.86,1744.03,0.0,0,1669662600542,4,0.0
1669662600,1743.86,1744.04,0.0,0,1669662600877,4,0.0
1669662601,1743.92,1744.06,0.0,0,1669662601080,134,0.0
1669662601,1743.92,1744.04,0.0,0,1669662601425,4,0.0
1669662601,1743.89,1744.03,0.0,0,1669662601623,134,0.0
1669662602,1743.98,1744.08,0.0,0,1669662602233,134,0.0
1669662602,1744.04,1744.19,0.0,0,1669662602328,134,0.0
1669662602,1744.05,1744.2,0.0,0,1669662602632,134,0.0
1669662603,1744.05,1744.19,0.0,0,1669662603647,4,0.0
1669662604,1744.08,1744.19,0.0,0,1669662604421,130,0.0
1669662604,1744.08,1744.2,0.0,0,1669662604560,4,0.0
1669662605,1744.05,1744.2,0.0,0,1669662605070,130,0.0
1669662605,1744.05,1744.19,0.0,0,1669662605452,4,0.0
1669662605,1744.01,1744.17,0.0,0,1669662605631,134,0.0
1669662606,1744.02,1744.18,0.0,0,1669662606351,134,0.0
1669662606,1744.08,1744.19,0.0,0,1669662606901,134,0.0
1669662607,1744.08,1744.18,0.0,0,1669662607241,4,0.0
1669662607,1744.05,1744.19,0.0,0,1669662607657,134,0.0
1669662608,1743.97,1744.13,0.0,0,1669662608109,134,0.0
1669662608,1744.0,1744.16,0.0,0,1669662608261,134,0.0
1669662608,1744.04,1744.2,0.0,0,1669662608523,134,0.0
1669662608,1744.04,1744.18,0.0,0,1669662608759,4,0.0
1669662609,1744.04,1744.17,0.0,0,1669662609022,4,0.0
1669662609,1744.04,1744.19,0.0,0,1669662609203,4,0.0
1669662609,1744.06,1744.19,0.0,0,1669662609321,130,0.0
1669662610,1744.02,1744.15,0.0,0,1669662610020,134,0.0
1669662610,1744.09,1744.2,0.0,0,1669662610353,134,0.0
1669662610,1744.09,1744.18,0.0,0,1669662610454,4,0.0
1669662610,1744.04,1744.19,0.0,0,1669662610721,134,0.0
1669662611,1744.08,1744.24,0.0,0,1669662611092,134,0.0
1669662611,1744.08,1744.2,0.0,0,1669662611214,4,0.0
1669662611,1744.08,1744.22,0.0,0,1669662611311,4,0.0
1669662611,1744.06,1744.19,0.0,0,1669662611803,134,0.0
1669662611,1744.06,1744.18,0.0,0,1669662611942,4,0.0
1669662612,1744.03,1744.18,0.0,0,1669662612422,130,0.0
1669662613,1743.97,1744.11,0.0,0,1669662613052,134,0.0
1669662613,1743.92,1744.07,0.0,0,1669662613262,134,0.0
1669662613,1743.82,1743.98,0.0,0,1669662613564,134,0.0
1669662614,1743.87,1744.02,0.0,0,1669662614275,134,0.0
1669662614,1743.85,1743.99,0.0,0,1669662614376,134,0.0
1669662614,1743.82,1743.97,0.0,0,1669662614554,134,0.0
1669662614,1743.71,1743.9,0.0,0,1669662614653,134,0.0
1669662614,1743.74,1743.9,0.0,0,1669662614754,130,0.0
1669662614,1743.66,1743.81,0.0,0,1669662614951,134,0.0
1669662615,1743.64,1743.8,0.0,0,1669662615053,134,0.0
1669662615,1743.68,1743.82,0.0,0,1669662615517,134,0.0
1669662615,1743.64,1743.79,0.0,0,1669662615922,134,0.0
1669662616,1743.67,1743.83,0.0,0,1669662616652,134,0.0
1669662616,1743.68,1743.85,0.0,0,1669662616951,134,0.0
1669662617,1743.69,1743.87,0.0,0,1669662617640,134,0.0
1669662617,1743.7,1743.87,0.0,0,1669662617790,130,0.0
1669662618,1743.69,1743.85,0.0,0,1669662618361,134,0.0
1669662618,1743.68,1743.82,0.0,0,1669662618471,134,0.0
1669662618,1743.68,1743.84,0.0,0,1669662618632,4,0.0
1669662618,1743.73,1743.85,0.0,0,1669662618729,134,0.0
1669662619,1743.74,1743.89,0.0,0,1669662619481,134,0.0
1669662620,1743.71,1743.85,0.0,0,1669662620244,134,0.0
1669662620,1743.61,1743.78,0.0,0,1669662620352,134,0.0
1669662620,1743.67,1743.79,0.0,0,1669662620574,134,0.0
1669662620,1743.67,1743.78,0.0,0,1669662620673,4,0.0
1669662620,1743.67,1743.76,0.0,0,1669662620803,4,0.0
1669662620,1743.67,1743.81,0.0,0,1669662620899,4,0.0
1669662622,1743.69,1743.84,0.0,0,1669662622083,134,0.0
1669662622,1743.7,1743.84,0.0,0,1669662622651,130,0.0
1669662623,1743.71,1743.84,0.0,0,1669662623002,130,0.0
1669662623,1743.68,1743.83,0.0,0,1669662623303,134,0.0
1669662623,1743.61,1743.76,0.0,0,1669662623501,134,0.0
1669662623,1743.53,1743.69,0.0,0,1669662623906,134,0.0
1669662624,1743.52,1743.68,0.0,0,1669662624012,134,0.0
1669662624,1743.43,1743.61,0.0,0,1669662624115,134,0.0
1669662624,1743.45,1743.6,0.0,0,1669662624442,134,0.0
1669662624,1743.42,1743.57,0.0,0,1669662624981,134,0.0
1669662625,1743.44,1743.59,0.0,0,1669662625188,134,0.0
1669662625,1743.45,1743.6,0.0,0,1669662625451,134,0.0
1669662625,1743.48,1743.63,0.0,0,1669662625623,134,0.0
1669662626,1743.52,1743.65,0.0,0,1669662626063,134,0.0
1669662626,1743.52,1743.63,0.0,0,1669662626242,4,0.0
1669662626,1743.48,1743.63,0.0,0,1669662626882,130,0.0
1669662627,1743.48,1743.57,0.0,0,1669662627062,4,0.0
1669662627,1743.42,1743.57,0.0,0,1669662627383,130,0.0
1669662627,1743.48,1743.6,0.0,0,1669662627834,134,0.0
1669662628,1743.44,1743.6,0.0,0,1669662628644,130,0.0
1669662628,1743.44,1743.59,0.0,0,1669662628864,4,0.0
1669662629,1743.41,1743.55,0.0,0,1669662629364,134,0.0
1669662629,1743.42,1743.57,0.0,0,1669662629610,134,0.0
1669662630,1743.45,1743.58,0.0,0,1669662630030,134,0.0
1669662630,1743.48,1743.64,0.0,0,1669662630226,134,0.0
1669662631,1743.5,1743.64,0.0,0,1669662631138,130,0.0
1669662631,1743.55,1743.64,0.0,0,1669662631321,130,0.0
1669662631,1743.5,1743.64,0.0,0,1669662631638,130,0.0
1669662631,1743.55,1743.67,0.0,0,1669662631967,134,0.0
1669662632,1743.53,1743.66,0.0,0,1669662632843,134,0.0
1669662633,1743.51,1743.66,0.0,0,1669662633751,130,0.0
1669662634,1743.52,1743.67,0.0,0,1669662634056,134,0.0
1669662634,1743.54,1743.67,0.0,0,1669662634591,130,0.0
1669662634,1743.51,1743.66,0.0,0,1669662634822,134,0.0
1669662635,1743.45,1743.63,0.0,0,1669662635390,134,0.0
1669662635,1743.5,1743.63,0.0,0,1669662635623,130,0.0
1669662635,1743.5,1743.65,0.0,0,1669662635940,4,0.0
1669662636,1743.49,1743.64,0.0,0,1669662636124,134,0.0
1669662636,1743.51,1743.67,0.0,0,1669662636366,134,0.0
1669662636,1743.49,1743.65,0.0,0,1669662636468,134,0.0
1669662636,1743.5,1743.63,0.0,0,1669662636571,134,0.0
1669662637,1743.46,1743.61,0.0,0,1669662637071,134,0.0
1669662638,1743.46,1743.62,0.0,0,1669662638062,4,0.0
1669662638,1743.53,1743.63,0.0,0,1669662638581,134,0.0
1669662638,1743.49,1743.63,0.0,0,1669662638995,130,0.0
1669662639,1743.51,1743.66,0.0,0,1669662639414,134,0.0
1669662639,1743.51,1743.68,0.0,0,1669662639643,4,0.0
1669662639,1743.52,1743.67,0.0,0,1669662639825,134,0.0
1669662640,1743.53,1743.69,0.0,0,1669662640695,134,0.0
1669662640,1743.52,1743.68,0.0,0,1669662640827,134,0.0
1669662641,1743.55,1743.69,0.0,0,1669662641182,134,0.0
1669662641,1743.57,1743.72,0.0,0,1669662641439,134,0.0
1669662641,1743.57,1743.74,0.0,0,1669662641781,4,0.0
1669662642,1743.54,1743.71,0.0,0,1669662642528,134,0.0
1669662642,1743.52,1743.68,0.0,0,1669662642725,134,0.0
1669662643,1743.52,1743.69,0.0,0,1669662643022,4,0.0
1669662644,1743.55,1743.68,0.0,0,1669662644011,134,0.0
1669662644,1743.53,1743.68,0.0,0,1669662644792,130,0.0
1669662645,1743.61,1743.74,0.0,0,1669662645046,134,0.0
1669662645,1743.65,1743.79,0.0,0,1669662645141,134,0.0
1669662645,1743.69,1743.82,0.0,0,1669662645473,134,0.0
1669662645,1743.67,1743.82,0.0,0,1669662645782,130,0.0
1669662646,1743.65,1743.82,0.0,0,1669662646139,130,0.0
1669662646,1743.63,1743.79,0.0,0,1669662646543,134,0.0
1669662646,1743.6,1743.75,0.0,0,1669662646646,134,0.0
1669662647,1743.67,1743.76,0.0,0,1669662647966,134,0.0
1669662648,1743.67,1743.77,0.0,0,1669662648068,4,0.0
1669662648,1743.67,1743.79,0.0,0,1669662648341,4,0.0
1669662648,1743.65,1743.79,0.0,0,1669662648821,130,0.0
1669662649,1743.65,1743.81,0.0,0,1669662649463,4,0.0
1669662650,1743.65,1743.8,0.0,0,1669662650020,4,0.0
1669662650,1743.66,1743.8,0.0,0,1669662650991,130,0.0
1669662651,1743.62,1743.79,0.0,0,1669662651601,134,0.0
1669662652,1743.67,1743.8,0.0,0,1669662652180,134,0.0
1669662652,1743.73,1743.8,0.0,0,1669662652565,130,0.0
1669662653,1743.68,1743.79,0.0,0,1669662653152,134,0.0
1669662653,1743.68,1743.82,0.0,0,1669662653593,4,0.0
1669662653,1743.66,1743.79,0.0,0,1669662653929,134,0.0
1669662654,1743.66,1743.77,0.0,0,1669662654150,4,0.0
1669662654,1743.6,1743.77,0.0,0,1669662654253,130,0.0
1669662654,1743.64,1743.77,0.0,0,1669662654599,130,0.0
1669662654,1743.65,1743.78,0.0,0,1669662654731,134,0.0
1669662655,1743.65,1743.79,0.0,0,1669662655302,4,0.0
1669662655,1743.66,1743.79,0.0,0,1669662655617,130,0.0
1669662657,1743.76,1743.84,0.0,0,1669662657038,134,0.0
1669662657,1743.76,1743.87,0.0,0,1669662657142,4,0.0
1669662657,1743.85,1744.02,0.0,0,1669662657312,134,0.0
1669662657,1743.85,1744.01,0.0,0,1669662657424,4,0.0
1669662657,1743.85,1743.99,0.0,0,1669662657651,4,0.0
1669662658,1743.86,1743.96,0.0,0,1669662658083,134,0.0
1669662659,1743.84,1743.95,0.0,0,1669662659102,134,0.0
1669662659,1743.78,1743.92,0.0,0,1669662659538,134,0.0
1669662659,1743.78,1743.87,0.0,0,1669662659902,4,0.0
1669662660,1743.74,1743.86,0.0,0,1669662660130,134,0.0
1669662660,1743.74,1743.88,0.0,0,1669662660292,4,0.0
1669662660,1743.78,1743.89,0.0,0,1669662660823,134,0.0
1669662660,1743.78,1743.87,0.0,0,1669662660951,4,0.0
1669662661,1743.78,1743.85,0.0,0,1669662661349,4,0.0
1669662662,1743.78,1743.88,0.0,0,1669662662145,4,0.0
1669662662,1743.73,1743.85,0.0,0,1669662662689,134,0.0
1669662662,1743.73,1743.84,0.0,0,1669662662791,4,0.0
1669662663,1743.71,1743.84,0.0,0,1669662663189,130,0.0
1669662664,1743.71,1743.85,0.0,0,1669662664102,4,0.0
1669662664,1743.71,1743.84,0.0,0,1669662664212,4,0.0
1669662664,1743.71,1743.88,0.0,0,1669662664373,4,0.0
1669662664,1743.76,1743.87,0.0,0,1669662664464,134,0.0
1669662664,1743.84,1743.98,0.0,0,1669662664829,134,0.0
1669662665,1743.84,1743.97,0.0,0,1669662665355,4,0.0
1669662665,1743.81,1743.96,0.0,0,1669662665885,134,0.0
1669662666,1743.85,1744.0,0.0,0,1669662666461,134,0.0
1669662666,1743.88,1744.05,0.0,0,1669662666769,134,0.0
1669662667,1744.03,1744.18,0.0,0,1669662667066,134,0.0
1669662667,1744.03,1744.17,0.0,0,1669662667304,4,0.0
1669662667,1744.03,1744.15,0.0,0,1669662667404,4,0.0
1669662667,1743.96,1744.13,0.0,0,1669662667658,134,0.0
1669662667,1743.96,1744.09,0.0,0,1669662667865,4,0.0
1669662667,1744.03,1744.16,0.0,0,1669662667970,134,0.0
1669662668,1744.0,1744.17,0.0,0,1669662668615,134,0.0
1669662669,1744.01,1744.11,0.0,0,1669662669494,134,0.0
1669662669,1743.93,1744.08,0.0,0,1669662669611,134,0.0
1669662670,1743.92,1744.07,0.0,0,1669662670751,134,0.0
1669662670,1743.94,1744.09,0.0,0,1669662670918,134,0.0
1669662671,1743.95,1744.11,0.0,0,1669662671022,134,0.0
1669662671,1743.98,1744.13,0.0,0,1669662671147,134,0.0
1669662671,1743.98,1744.17,0.0,0,1669662671270,4,0.0
1669662671,1744.0,1744.17,0.0,0,1669662671720,130,0.0
1669662671,1743.95,1744.08,0.0,0,1669662671867,134,0.0
1669662671,1743.91,1744.06,0.0,0,1669662671969,134,0.0
1669662672,1743.91,1744.05,0.0,0,1669662672633,4,0.0
1669662672,1743.91,1744.04,0.0,0,1669662672791,4,0.0
1669662673,1743.83,1743.97,0.0,0,1669662673226,134,0.0
1669662673,1743.85,1743.99,0.0,0,1669662673384,134,0.0
1669662673,1743.85,1744.03,0.0,0,1669662673492,4,0.0
1669662674,1743.85,1744.05,0.0,0,1669662674053,4,0.0
1669662674,1743.81,1744.0,0.0,0,1669662674197,134,0.0
1669662674,1743.85,1743.99,0.0,0,1669662674301,134,0.0
1669662674,1743.73,1743.86,0.0,0,1669662674544,134,0.0
1669662675,1743.69,1743.86,0.0,0,1669662675004,130,0.0
1669662675,1743.7,1743.85,0.0,0,1669662675251,134,0.0
1669662675,1743.69,1743.84,0.0,0,1669662675515,134,0.0
1669662675,1743.68,1743.84,0.0,0,1669662675839,130,0.0
1669662676,1743.75,1743.87,0.0,0,1669662676212,134,0.0
1669662676,1743.71,1743.89,0.0,0,1669662676811,134,0.0
1669662676,1743.71,1743.87,0.0,0,1669662676978,4,0.0
1669662677,1743.75,1743.87,0.0,0,1669662677484,130,0.0
1669662677,1743.75,1743.89,0.0,0,1669662677854,4,0.0
1669662678,1743.76,1743.89,0.0,0,1669662678470,130,0.0
1669662678,1743.76,1743.91,0.0,0,1669662678701,4,0.0
1669662679,1743.74,1743.92,0.0,0,1669662679434,134,0.0
1669662680,1743.75,1743.91,0.0,0,1669662680768,134,0.0
1669662681,1743.75,1743.9,0.0,0,1669662681042,4,0.0
1669662681,1743.77,1743.9,0.0,0,1669662681583,130,0.0
1669662683,1743.77,1743.91,0.0,0,1669662683071,4,0.0
1669662683,1743.73,1743.88,0.0,0,1669662683256,134,0.0
1669662683,1743.66,1743.82,0.0,0,1669662683571,134,0.0
1669662683,1743.66,1743.74,0.0,0,1669662683746,4,0.0
1669662683,1743.58,1743.69,0.0,0,1669662683849,134,0.0
1669662684,1743.52,1743.67,0.0,0,1669662684027,134,0.0
1669662684,1743.53,1743.7,0.0,0,1669662684752,134,0.0
1669662684,1743.56,1743.71,0.0,0,1669662684858,134,0.0
1669662684,1743.54,1743.71,0.0,0,1669662684962,130,0.0
1669662685,1743.6,1743.78,0.0,0,1669662685131,134,0.0
1669662685,1743.66,1743.8,0.0,0,1669662685571,134,0.0
1669662686,1743.66,1743.81,0.0,0,1669662686529,4,0.0
1669662687,1743.64,1743.78,0.0,0,1669662687331,134,0.0
1669662687,1743.64,1743.8,0.0,0,1669662687577,4,0.0
1669662688,1743.66,1743.8,0.0,0,1669662688362,130,0.0
1669662689,1743.68,1743.84,0.0,0,1669662689401,134,0.0
1669662689,1743.75,1743.88,0.0,0,1669662689612,134,0.0
1669662689,1743.75,1743.9,0.0,0,1669662689766,4,0.0
1669662689,1743.75,1743.92,0.0,0,1669662689881,4,0.0
1669662690,1743.71,1743.9,0.0,0,1669662690360,134,0.0
1669662690,1743.74,1743.9,0.0,0,1669662690482,130,0.0
1669662690,1743.71,1743.89,0.0,0,1669662690736,134,0.0
1669662690,1743.71,1743.86,0.0,0,1669662690830,4,0.0
1669662690,1743.67,1743.84,0.0,0,1669662690951,134,0.0
1669662691,1743.68,1743.84,0.0,0,1669662691147,130,0.0
1669662691,1743.67,1743.81,0.0,0,1669662691362,134,0.0
1669662691,1743.68,1743.85,0.0,0,1669662691472,134,0.0
1669662691,1743.67,1743.84,0.0,0,1669662691576,134,0.0
1669662692,1743.67,1743.81,0.0,0,1669662692446,4,0.0
1669662692,1743.64,1743.79,0.0,0,1669662692743,134,0.0
1669662692,1743.61,1743.74,0.0,0,1669662692846,134,0.0
1669662692,1743.56,1743.69,0.0,0,1669662692971,134,0.0
1669662693,1743.52,1743.69,0.0,0,1669662693691,130,0.0
1669662694,1743.58,1743.72,0.0,0,1669662694330,134,0.0
1669662695,1743.56,1743.71,0.0,0,1669662695161,134,0.0
1669662695,1743.56,1743.73,0.0,0,1669662695398,4,0.0
1669662695,1743.61,1743.74,0.0,0,1669662695743,134,0.0
1669662696,1743.59,1743.74,0.0,0,1669662696605,130,0.0
1669662696,1743.61,1743.74,0.0,0,1669662696752,130,0.0
1669662697,1743.58,1743.74,0.0,0,1669662697262,130,0.0
1669662698,1743.62,1743.8,0.0,0,1669662698258,134,0.0
1669662698,1743.62,1743.78,0.0,0,1669662698356,4,0.0
1669662699,1743.61,1743.77,0.0,0,1669662699092,134,0.0
1669662699,1743.54,1743.72,0.0,0,1669662699610,134,0.0
1669662700,1743.57,1743.7,0.0,0,1669662700414,134,0.0
1669662700,1743.51,1743.66,0.0,0,1669662700621,134,0.0
1669662700,1743.53,1743.66,0.0,0,1669662700756,130,0.0
1669662701,1743.53,1743.72,0.0,0,1669662701061,4,0.0
1669662701,1743.62,1743.8,0.0,0,1669662701226,134,0.0
1669662701,1743.62,1743.78,0.0,0,1669662701328,4,0.0
1669662701,1743.62,1743.8,0.0,0,1669662701442,4,0.0
1669662701,1743.64,1743.8,0.0,0,1669662701680,130,0.0
1669662702,1743.65,1743.81,0.0,0,1669662702178,134,0.0
1669662703,1743.67,1743.82,0.0,0,1669662703324,134,0.0
1669662703,1743.67,1743.83,0.0,0,1669662703421,4,0.0
1669662704,1743.66,1743.83,0.0,0,1669662704304,130,0.0
1669662704,1743.67,1743.84,0.0,0,1669662704502,134,0.0
1669662704,1743.66,1743.84,0.0,0,1669662704915,130,0.0
1669662705,1743.68,1743.84,0.0,0,1669662705156,130,0.0
1669662705,1743.68,1743.83,0.0,0,1669662705678,4,0.0
1669662705,1743.71,1743.84,0.0,0,1669662705899,134,0.0
1669662706,1743.74,1743.89,0.0,0,1669662706002,134,0.0
1669662706,1743.72,1743.89,0.0,0,1669662706180,130,0.0
1669662706,1743.74,1743.89,0.0,0,1669662706282,130,0.0
1669662707,1743.74,1743.85,0.0,0,1669662707070,4,0.0
1669662707,1743.74,1743.86,0.0,0,1669662707230,4,0.0
1669662707,1743.74,1743.88,0.0,0,1669662707360,4,0.0
1669662707,1743.73,1743.87,0.0,0,1669662707677,134,0.0
1669662708,1743.76,1743.87,0.0,0,1669662708697,130,0.0
1669662709,1743.79,1743.92,0.0,0,1669662709429,134,0.0
1669662709,1743.71,1743.88,0.0,0,1669662709639,134,0.0
1669662709,1743.71,1743.87,0.0,0,1669662709781,4,0.0
1669662709,1743.71,1743.89,0.0,0,1669662709941,4,0.0
1669662710,1743.74,1743.89,0.0,0,1669662710042,130,0.0
1669662710,1743.75,1743.91,0.0,0,1669662710205,134,0.0
1669662710,1743.78,1743.93,0.0,0,1669662710310,134,0.0
1669662710,1743.79,1743.95,0.0,0,1669662710802,134,0.0
1669662711,1743.8,1743.95,0.0,0,1669662711280,130,0.0
1669662711,1743.77,1743.9,0.0,0,1669662711876,134,0.0
1669662712,1743.71,1743.88,0.0,0,1669662712088,134,0.0
1669662713,1743.72,1743.85,0.0,0,1669662713281,134,0.0
1669662713,1743.7,1743.85,0.0,0,1669662713812,130,0.0
1669662714,1743.67,1743.83,0.0,0,1669662714603,134,0.0
1669662714,1743.65,1743.83,0.0,0,1669662714983,130,0.0
1669662715,1743.67,1743.81,0.0,0,1669662715905,134,0.0
1669662716,1743.67,1743.74,0.0,0,1669662716006,4,0.0
1669662716,1743.61,1743.76,0.0,0,1669662716261,134,0.0
1669662716,1743.61,1743.74,0.0,0,1669662716372,4,0.0
1669662716,1743.62,1743.78,0.0,0,1669662716516,134,0.0
1669662716,1743.61,1743.75,0.0,0,1669662716617,134,0.0
1669662717,1743.58,1743.76,0.0,0,1669662717007,134,0.0
1669662717,1743.6,1743.75,0.0,0,1669662717593,134,0.0
1669662717,1743.63,1743.78,0.0,0,1669662717770,134,0.0
1669662718,1743.63,1743.77,0.0,0,1669662718070,4,0.0
1669662718,1743.6,1743.77,0.0,0,1669662718298,130,0.0
1669662718,1743.63,1743.78,0.0,0,1669662718682,134,0.0
1669662719,1743.63,1743.75,0.0,0,1669662719252,4,0.0
1669662719,1743.59,1743.73,0.0,0,1669662719477,134,0.0
1669662719,1743.59,1743.72,0.0,0,1669662719575,4,0.0
1669662720,1743.56,1743.68,0.0,0,1669662720193,134,0.0
1669662720,1743.56,1743.71,0.0,0,1669662720620,4,0.0
1669662721,1743.59,1743.7,0.0,0,1669662721256,134,0.0
1669662721,1743.59,1743.68,0.0,0,1669662721357,4,0.0
1669662721,1743.5,1743.57,0.0,0,1669662721980,134,0.0
1669662722,1743.5,1743.59,0.0,0,1669662722084,4,0.0
1669662722,1743.43,1743.57,0.0,0,1669662722352,134,0.0
1669662722,1743.43,1743.55,0.0,0,1669662722519,4,0.0
1669662723,1743.42,1743.54,0.0,0,1669662723384,134,0.0
1669662724,1743.41,1743.54,0.0,0,1669662724389,130,0.0
1669662727,1743.41,1743.53,0.0,0,1669662727192,4,0.0
1669662727,1743.4,1743.52,0.0,0,1669662727714,134,0.0
1669662727,1743.37,1743.52,0.0,0,1669662727920,130,0.0
1669662728,1743.4,1743.55,0.0,0,1669662728473,134,0.0
1669662728,1743.4,1743.56,0.0,0,1669662728605,4,0.0
1669662728,1743.44,1743.58,0.0,0,1669662728927,134,0.0
1669662729,1743.41,1743.57,0.0,0,1669662729532,134,0.0
1669662729,1743.45,1743.6,0.0,0,1669662729779,134,0.0
1669662729,1743.49,1743.65,0.0,0,1669662729882,134,0.0
1669662730,1743.55,1743.65,0.0,0,1669662730012,130,0.0
1669662730,1743.54,1743.65,0.0,0,1669662730256,130,0.0
1669662730,1743.52,1743.64,0.0,0,1669662730882,134,0.0
1669662730,1743.44,1743.6,0.0,0,1669662730982,134,0.0
1669662731,1743.46,1743.6,0.0,0,1669662731082,130,0.0
1669662731,1743.46,1743.57,0.0,0,1669662731696,4,0.0
1669662732,1743.46,1743.59,0.0,0,1669662732482,4,0.0
1669662732,1743.43,1743.55,0.0,0,1669662732578,134,0.0
1669662732,1743.41,1743.55,0.0,0,1669662732741,130,0.0
1669662732,1743.38,1743.54,0.0,0,1669662732838,134,0.0
1669662732,1743.43,1743.54,0.0,0,1669662732941,130,0.0
1669662733,1743.45,1743.56,0.0,0,1669662733542,134,0.0
1669662733,1743.44,1743.56,0.0,0,1669662733653,130,0.0
1669662733,1743.46,1743.58,0.0,0,1669662733991,134,0.0
1669662734,1743.44,1743.57,0.0,0,1669662734098,134,0.0
1669662735,1743.45,1743.57,0.0,0,1669662735221,130,0.0
1669662735,1743.44,1743.57,0.0,0,1669662735762,130,0.0
1669662736,1743.44,1743.56,0.0,0,1669662736538,4,0.0
1669662736,1743.35,1743.52,0.0,0,1669662736694,134,0.0
1669662736,1743.36,1743.49,0.0,0,1669662736803,134,0.0
1669662737,1743.35,1743.51,0.0,0,1669662737751,134,0.0
1669662737,1743.38,1743.51,0.0,0,1669662737850,130,0.0
1669662738,1743.39,1743.57,0.0,0,1669662738224,134,0.0
1669662738,1743.43,1743.58,0.0,0,1669662738322,134,0.0
1669662738,1743.42,1743.58,0.0,0,1669662738534,130,0.0
1669662738,1743.4,1743.55,0.0,0,1669662738701,134,0.0
1669662739,1743.39,1743.55,0.0,0,1669662739293,130,0.0
1669662739,1743.44,1743.61,0.0,0,1669662739837,134,0.0
1669662740,1743.43,1743.58,0.0,0,1669662740272,134,0.0
1669662740,1743.47,1743.63,0.0,0,1669662740448,134,0.0
1669662741,1743.45,1743.61,0.0,0,1669662741345,134,0.0
1669662741,1743.37,1743.54,0.0,0,1669662741625,134,0.0
1669662741,1743.37,1743.5,0.0,0,1669662741731,4,0.0
1669662741,1743.33,1743.49,0.0,0,1669662741941,134,0.0
1669662742,1743.31,1743.47,0.0,0,1669662742249,134,0.0
1669662742,1743.31,1743.48,0.0,0,1669662742991,4,0.0
1669662743,1743.31,1743.46,0.0,0,1669662743910,4,0.0
1669662744,1743.31,1743.45,0.0,0,1669662744481,4,0.0
1669662745,1743.27,1743.4,0.0,0,1669662745564,134,0.0
1669662746,1743.24,1743.4,0.0,0,1669662746339,130,0.0
1669662746,1743.24,1743.37,0.0,0,1669662746522,4,0.0
1669662746,1743.21,1743.37,0.0,0,1669662746784,130,0.0
1669662746,1743.21,1743.35,0.0,0,1669662746970,4,0.0
1669662747,1743.15,1743.31,0.0,0,1669662747503,134,0.0
1669662749,1743.18,1743.31,0.0,0,1669662749123,130,0.0
1669662749,1743.15,1743.31,0.0,0,1669662749260,130,0.0
1669662750,1743.14,1743.3,0.0,0,1669662750288,134,0.0
1669662751,1743.16,1743.33,0.0,0,1669662751081,134,0.0
1669662751,1743.16,1743.31,0.0,0,1669662751552,4,0.0
1669662752,1743.16,1743.32,0.0,0,1669662752780,4,0.0
1669662753,1743.11,1743.27,0.0,0,1669662753260,134,0.0
1669662753,1743.11,1743.26,0.0,0,1669662753897,4,0.0
1669662754,1743.11,1743.25,0.0,0,1669662754031,4,0.0
1669662754,1743.11,1743.28,0.0,0,1669662754782,4,0.0
1669662754,1743.16,1743.28,0.0,0,1669662754876,130,0.0
1669662755,1743.17,1743.33,0.0,0,1669662755140,134,0.0
1669662755,1743.16,1743.33,0.0,0,1669662755868,130,0.0
