time,bid,ask,last,volume,time_msc,flags,volume_real
1743105841,1.29578,1.29587,0.0,0,1743105841083,134,0.0
1743105841,1.29577,1.29586,0.0,0,1743105841413,134,0.0
1743105842,1.29578,1.29587,0.0,0,1743105842074,134,0.0
1743105843,1.29578,1.29586,0.0,0,1743105843062,4,0.0
1743105843,1.29579,1.29587,0.0,0,1743105843722,134,0.0
1743105845,1.29579,1.29586,0.0,0,1743105845046,4,0.0
1743105846,1.29578,1.29585,0.0,0,1743105846691,134,0.0
1743105846,1.29574,1.29581,0.0,0,1743105846699,134,0.0
1743105847,1.29571,1.29578,0.0,0,1743105847023,134,0.0
1743105847,1.2957,1.29579,0.0,0,1743105847036,134,0.0
1743105847,1.29569,1.29578,0.0,0,1743105847695,134,0.0
1743105848,1.29571,1.2958,0.0,0,1743105848011,134,0.0
1743105849,1.2957,1.29579,0.0,0,1743105849004,134,0.0
1743105850,1.29571,1.2958,0.0,0,1743105850650,134,0.0
1743105852,1.29571,1.29579,0.0,0,1743105852303,4,0.0
1743105854,1.29572,1.29579,0.0,0,1743105854285,130,0.0
1743105856,1.29572,1.29578,0.0,0,1743105856264,4,0.0
1743105857,1.29573,1.29579,0.0,0,1743105857911,134,0.0
1743105859,1.29575,1.29581,0.0,0,1743105859232,134,0.0
1743105860,1.29574,1.2958,0.0,0,1743105860882,134,0.0
1743105862,1.29575,1.29581,0.0,0,1743105862863,134,0.0
1743105863,1.2957,1.29576,0.0,0,1743105863195,134,0.0
1743105863,1.29569,1.29575,0.0,0,1743105863854,134,0.0
1743105864,1.29569,1.29576,0.0,0,1743105864187,4,0.0
1743105864,1.29568,1.29575,0.0,0,1743105864517,134,0.0
1743105866,1.29568,1.29574,0.0,0,1743105866166,4,0.0
1743105868,1.29569,1.29575,0.0,0,1743105868472,134,0.0
1743105868,1.2957,1.29576,0.0,0,1743105868801,134,0.0
1743105870,1.29569,1.29575,0.0,0,1743105870120,134,0.0
1743105872,1.29568,1.29574,0.0,0,1743105872760,134,0.0
1743105875,1.29569,1.29575,0.0,0,1743105875402,134,0.0
1743105877,1.2957,1.29576,0.0,0,1743105877052,134,0.0
1743105878,1.29569,1.29575,0.0,0,1743105878704,134,0.0
1743105879,1.29559,1.29565,0.0,0,1743105879039,134,0.0
1743105880,1.2955999999999999,1.29569,0.0,0,1743105880357,134,0.0
1743105882,1.29563,1.29572,0.0,0,1743105882005,134,0.0
1743105883,1.29562,1.29571,0.0,0,1743105883980,134,0.0
1743105886,1.29563,1.29572,0.0,0,1743105886625,134,0.0
1743105887,1.29563,1.29571,0.0,0,1743105887282,4,0.0
1743105887,1.2956400000000001,1.29572,0.0,0,1743105887612,134,0.0
1743105889,1.2956400000000001,1.29571,0.0,0,1743105889262,4,0.0
1743105891,1.29565,1.29571,0.0,0,1743105891244,130,0.0
1743105892,1.2957,1.29576,0.0,0,1743105892235,134,0.0
1743105893,1.29569,1.29577,0.0,0,1743105893223,134,0.0
1743105893,1.2957,1.29578,0.0,0,1743105893552,134,0.0
1743105893,1.29569,1.29577,0.0,0,1743105893882,134,0.0
1743105895,1.29569,1.29576,0.0,0,1743105895202,4,0.0
1743105897,1.2957,1.29576,0.0,0,1743105897181,130,0.0
1743105899,1.29571,1.29577,0.0,0,1743105899162,134,0.0
1743105900,1.29573,1.29579,0.0,0,1743105900151,134,0.0
1743105900,1.29576,1.29582,0.0,0,1743105900812,134,0.0
1743105901,1.29575,1.29581,0.0,0,1743105901144,134,0.0
1743105901,1.29576,1.29582,0.0,0,1743105901471,134,0.0
1743105903,1.29575,1.29581,0.0,0,1743105903126,134,0.0
1743105904,1.29576,1.29582,0.0,0,1743105904442,134,0.0
1743105905,1.29575,1.29581,0.0,0,1743105905434,134,0.0
1743105907,1.29574,1.29582,0.0,0,1743105907083,134,0.0
1743105908,1.29574,1.29581,0.0,0,1743105908073,4,0.0
1743105909,1.29573,1.2958,0.0,0,1743105909062,134,0.0
1743105910,1.29572,1.29579,0.0,0,1743105910051,134,0.0
1743105911,1.29573,1.29579,0.0,0,1743105911044,130,0.0
1743105913,1.29574,1.2958,0.0,0,1743105913680,134,0.0
1743105916,1.29573,1.29579,0.0,0,1743105916982,134,0.0
1743105918,1.29574,1.2958,0.0,0,1743105918629,134,0.0
1743105919,1.29578,1.29584,0.0,0,1743105919955,134,0.0
1743105920,1.29577,1.29583,0.0,0,1743105920613,134,0.0
1743105920,1.29572,1.29578,0.0,0,1743105920940,134,0.0
1743105921,1.29572,1.29579,0.0,0,1743105921271,4,0.0
1743105921,1.29573,1.2958,0.0,0,1743105921282,134,0.0
1743105922,1.29572,1.29581,0.0,0,1743105922262,134,0.0
1743105924,1.29571,1.2958,0.0,0,1743105924243,134,0.0
1743105925,1.29573,1.29581,0.0,0,1743105925232,134,0.0
1743105925,1.29571,1.29579,0.0,0,1743105925562,134,0.0
1743105925,1.29572,1.2958,0.0,0,1743105925891,134,0.0
1743105926,1.29571,1.29579,0.0,0,1743105926881,134,0.0
1743105928,1.29572,1.29579,0.0,0,1743105928202,130,0.0
1743105929,1.2957,1.29577,0.0,0,1743105929523,134,0.0
1743105930,1.29571,1.29577,0.0,0,1743105930184,130,0.0
1743105932,1.29573,1.29579,0.0,0,1743105932822,134,0.0
1743105933,1.29574,1.2958,0.0,0,1743105933480,134,0.0
1743105935,1.2958,1.29586,0.0,0,1743105935797,134,0.0
1743105937,1.29579,1.29588,0.0,0,1743105937111,134,0.0
1743105939,1.2958,1.29589,0.0,0,1743105939095,134,0.0
1743105939,1.29579,1.29588,0.0,0,1743105939421,134,0.0
1743105940,1.2958,1.29588,0.0,0,1743105940097,130,0.0
1743105941,1.29579,1.29587,0.0,0,1743105941410,134,0.0
1743105942,1.29579,1.29586,0.0,0,1743105942062,4,0.0
1743105942,1.29573,1.2958,0.0,0,1743105942392,134,0.0
1743105942,1.29572,1.29579,0.0,0,1743105942721,134,0.0
1743105943,1.29571,1.2958,0.0,0,1743105943052,134,0.0
1743105943,1.29573,1.29582,0.0,0,1743105943380,134,0.0
1743105944,1.29574,1.29583,0.0,0,1743105944045,134,0.0
1743105944,1.29573,1.29582,0.0,0,1743105944384,134,0.0
1743105944,1.29572,1.29581,0.0,0,1743105944701,134,0.0
1743105945,1.29571,1.2958,0.0,0,1743105945360,134,0.0
1743105945,1.29569,1.29578,0.0,0,1743105945692,134,0.0
1743105946,1.2957,1.29579,0.0,0,1743105946681,134,0.0
1743105947,1.29573,1.29581,0.0,0,1743105947343,134,0.0
1743105947,1.29574,1.29582,0.0,0,1743105947381,134,0.0
1743105947,1.29578,1.29586,0.0,0,1743105947672,134,0.0
1743105948,1.29578,1.29587,0.0,0,1743105948332,4,0.0
1743105949,1.2958,1.29589,0.0,0,1743105949322,134,0.0
1743105950,1.29579,1.29588,0.0,0,1743105950647,134,0.0
1743105952,1.2958,1.29589,0.0,0,1743105952293,134,0.0
1743105954,1.2958,1.29588,0.0,0,1743105954271,4,0.0
1743105954,1.29581,1.29589,0.0,0,1743105954606,134,0.0
1743105955,1.29589,1.29596,0.0,0,1743105955260,134,0.0
1743105955,1.2959,1.29597,0.0,0,1743105955596,134,0.0
1743105955,1.29589,1.29596,0.0,0,1743105955919,134,0.0
1743105956,1.29588,1.29597,0.0,0,1743105956256,134,0.0
1743105960,1.29588,1.29597,0.0,0,1743105960210,130,0.0
1743105960,1.29587,1.29596,0.0,0,1743105960543,134,0.0
1743105961,1.29588,1.29596,0.0,0,1743105961207,130,0.0
1743105963,1.29589,1.29596,0.0,0,1743105963185,130,0.0
1743105965,1.29589,1.29595,0.0,0,1743105965163,4,0.0
1743105966,1.29585,1.2959100000000001,0.0,0,1743105966815,134,0.0
1743105967,1.29584,1.2959,0.0,0,1743105967801,134,0.0
1743105968,1.29583,1.2959100000000001,0.0,0,1743105968133,134,0.0
1743105969,1.29579,1.29586,0.0,0,1743105969124,134,0.0
1743105970,1.29579,1.29587,0.0,0,1743105970112,4,0.0
1743105971,1.29585,1.29593,0.0,0,1743105971430,134,0.0
1743105971,1.29584,1.29592,0.0,0,1743105971440,134,0.0
1743105972,1.29585,1.29592,0.0,0,1743105972092,130,0.0
1743105972,1.29584,1.2959100000000001,0.0,0,1743105972420,134,0.0
1743105973,1.29583,1.29592,0.0,0,1743105973082,134,0.0
1743105974,1.29584,1.29593,0.0,0,1743105974402,134,0.0
1743105974,1.29583,1.29592,0.0,0,1743105974730,134,0.0
1743105975,1.29584,1.29592,0.0,0,1743105975061,130,0.0
1743105976,1.29585,1.29592,0.0,0,1743105976052,130,0.0
1743105977,1.2959100000000001,1.2959800000000001,0.0,0,1743105977700,134,0.0
1743105978,1.2959,1.29597,0.0,0,1743105978040,134,0.0
1743105978,1.2959100000000001,1.29597,0.0,0,1743105978363,130,0.0
1743105979,1.29589,1.2959800000000001,0.0,0,1743105979351,134,0.0
1743105981,1.29589,1.29597,0.0,0,1743105981332,4,0.0
1743105981,1.29587,1.29595,0.0,0,1743105981992,134,0.0
1743105982,1.29588,1.29595,0.0,0,1743105982323,130,0.0
1743105982,1.29581,1.29588,0.0,0,1743105982981,134,0.0
1743105984,1.29579,1.29588,0.0,0,1743105984302,130,0.0
1743105984,1.2958,1.29589,0.0,0,1743105984635,134,0.0
1743105988,1.29581,1.29589,0.0,0,1743105988261,130,0.0
1743105988,1.29589,1.29597,0.0,0,1743105988593,134,0.0
1743105988,1.2959,1.2959800000000001,0.0,0,1743105988925,134,0.0
1743105990,1.2959,1.29599,0.0,0,1743105990239,4,0.0
1743105991,1.29586,1.29595,0.0,0,1743105991563,134,0.0
1743105992,1.29588,1.29597,0.0,0,1743105992221,134,0.0
1743105994,1.29589,1.2959800000000001,0.0,0,1743105994863,134,0.0
1743105995,1.2959,1.2959800000000001,0.0,0,1743105995191,130,0.0
1743105996,1.2959,1.29597,0.0,0,1743105996181,4,0.0
1743105996,1.2959100000000001,1.2959800000000001,0.0,0,1743105996509,134,0.0
1743105997,1.2959,1.29597,0.0,0,1743105997831,134,0.0
1743105998,1.2959100000000001,1.29597,0.0,0,1743105998161,130,0.0
1743105998,1.29592,1.2959800000000001,0.0,0,1743105998821,134,0.0
1743105999,1.2959399999999999,1.296,0.0,0,1743105999488,134,0.0
1743105999,1.29592,1.2959800000000001,0.0,0,1743105999812,134,0.0
1743106000,1.2959100000000001,1.29597,0.0,0,1743106000469,134,0.0
1743106000,1.2959,1.29596,0.0,0,1743106000801,134,0.0
1743106001,1.29589,1.29597,0.0,0,1743106001129,134,0.0
1743106001,1.2959,1.2959800000000001,0.0,0,1743106001462,134,0.0
1743106002,1.2959,1.29597,0.0,0,1743106002121,4,0.0
1743106003,1.2959100000000001,1.29597,0.0,0,1743106003111,130,0.0
1743106003,1.2959,1.29596,0.0,0,1743106003772,134,0.0
1743106005,1.29599,1.29605,0.0,0,1743106005422,134,0.0
1743106005,1.296,1.29606,0.0,0,1743106005749,134,0.0
1743106006,1.29599,1.29608,0.0,0,1743106006082,134,0.0
1743106006,1.29602,1.29611,0.0,0,1743106006418,134,0.0
1743106006,1.29599,1.29608,0.0,0,1743106006739,134,0.0
1743106007,1.2959800000000001,1.29607,0.0,0,1743106007071,134,0.0
1743106007,1.29599,1.29608,0.0,0,1743106007731,134,0.0
1743106008,1.2959800000000001,1.29607,0.0,0,1743106008078,134,0.0
1743106013,1.296,1.29608,0.0,0,1743106013347,134,0.0
1743106014,1.29599,1.29607,0.0,0,1743106014662,134,0.0
1743106015,1.29599,1.29606,0.0,0,1743106015322,4,0.0
1743106016,1.2960099999999999,1.29608,0.0,0,1743106016311,134,0.0
1743106016,1.29602,1.29609,0.0,0,1743106016641,134,0.0
1743106017,1.29604,1.2961,0.0,0,1743106017302,134,0.0
1743106017,1.29603,1.29609,0.0,0,1743106017637,134,0.0
1743106017,1.29604,1.2961,0.0,0,1743106017960,134,0.0
1743106018,1.2960099999999999,1.29607,0.0,0,1743106018619,134,0.0
1743106018,1.29602,1.29608,0.0,0,1743106018623,134,0.0
1743106020,1.29603,1.29609,0.0,0,1743106020277,134,0.0
1743106020,1.296,1.29606,0.0,0,1743106020598,134,0.0
1743106026,1.2960099999999999,1.29607,0.0,0,1743106026871,134,0.0
1743106027,1.29603,1.29609,0.0,0,1743106027204,134,0.0
1743106027,1.29602,1.29608,0.0,0,1743106027531,134,0.0
1743106028,1.29603,1.29609,0.0,0,1743106028190,134,0.0
1743106038,1.29604,1.2961,0.0,0,1743106038749,134,0.0
1743106040,1.29603,1.29609,0.0,0,1743106040083,134,0.0
1743106041,1.29604,1.2961,0.0,0,1743106041390,134,0.0
1743106042,1.29603,1.29609,0.0,0,1743106042382,134,0.0
1743106044,1.29605,1.29611,0.0,0,1743106044035,134,0.0
1743106047,1.29606,1.29612,0.0,0,1743106047992,134,0.0
1743106048,1.29605,1.29611,0.0,0,1743106048980,134,0.0
1743106050,1.2961,1.29616,0.0,0,1743106050301,134,0.0
1743106050,1.29612,1.29618,0.0,0,1743106050631,134,0.0
1743106050,1.29611,1.29617,0.0,0,1743106050639,134,0.0
1743106051,1.2961,1.29618,0.0,0,1743106051291,134,0.0
1743106051,1.29613,1.2962099999999999,0.0,0,1743106051624,134,0.0
1743106051,1.29612,1.2962,0.0,0,1743106051951,134,0.0
1743106052,1.29613,1.2962099999999999,0.0,0,1743106052279,134,0.0
1743106052,1.29615,1.29623,0.0,0,1743106052613,134,0.0
1743106052,1.29613,1.2962099999999999,0.0,0,1743106052941,134,0.0
1743106053,1.29612,1.2962099999999999,0.0,0,1743106053269,130,0.0
1743106056,1.29614,1.29623,0.0,0,1743106056900,134,0.0
1743106058,1.29615,1.29623,0.0,0,1743106058220,130,0.0
1743106059,1.29613,1.2962099999999999,0.0,0,1743106059539,134,0.0
1743106060,1.29612,1.2962,0.0,0,1743106060530,134,0.0
1743106060,1.29613,1.2962099999999999,0.0,0,1743106060866,134,0.0
1743106062,1.29614,1.2962099999999999,0.0,0,1743106062182,130,0.0
1743106064,1.29616,1.29622,0.0,0,1743106064162,134,0.0
1743106064,1.29617,1.29623,0.0,0,1743106064488,134,0.0
1743106064,1.29616,1.29622,0.0,0,1743106064819,134,0.0
1743106065,1.29615,1.29622,0.0,0,1743106065151,130,0.0
1743106067,1.29618,1.2962500000000001,0.0,0,1743106067137,134,0.0
1743106068,1.29618,1.29626,0.0,0,1743106068121,4,0.0
1743106069,1.29618,1.2962500000000001,0.0,0,1743106069111,4,0.0
1743106069,1.2962,1.29627,0.0,0,1743106069441,134,0.0
1743106069,1.29618,1.2962500000000001,0.0,0,1743106069769,134,0.0
1743106072,1.29614,1.2962099999999999,0.0,0,1743106072085,134,0.0
1743106073,1.29614,1.29622,0.0,0,1743106073069,4,0.0
1743106073,1.29619,1.29627,0.0,0,1743106073400,134,0.0
1743106074,1.29618,1.29627,0.0,0,1743106074070,130,0.0
1743106076,1.29617,1.29626,0.0,0,1743106076044,134,0.0
1743106076,1.29613,1.29622,0.0,0,1743106076371,134,0.0
1743106076,1.2961,1.29619,0.0,0,1743106076701,134,0.0
1743106077,1.29611,1.2962,0.0,0,1743106077033,134,0.0
1743106077,1.29616,1.2962500000000001,0.0,0,1743106077361,134,0.0
1743106077,1.29618,1.29627,0.0,0,1743106077690,134,0.0
1743106079,1.29617,1.29626,0.0,0,1743106079010,134,0.0
1743106080,1.29617,1.29626,0.0,0,1743106080000,130,0.0
1743106082,1.29618,1.29627,0.0,0,1743106082970,134,0.0
1743106085,1.29618,1.29626,0.0,0,1743106085280,4,0.0
1743106085,1.29615,1.29623,0.0,0,1743106085616,134,0.0
1743106085,1.29613,1.2962099999999999,0.0,0,1743106085952,134,0.0
1743106085,1.29616,1.29624,0.0,0,1743106085956,134,0.0
1743106086,1.29617,1.2962500000000001,0.0,0,1743106086272,134,0.0
1743106087,1.29614,1.29622,0.0,0,1743106087259,134,0.0
1743106088,1.29613,1.2962099999999999,0.0,0,1743106088585,134,0.0
1743106088,1.29612,1.2962,0.0,0,1743106088910,134,0.0
1743106089,1.29612,1.29619,0.0,0,1743106089241,4,0.0
1743106091,1.29613,1.29619,0.0,0,1743106091217,130,0.0
1743106091,1.29612,1.29618,0.0,0,1743106091883,134,0.0
1743106092,1.29611,1.29617,0.0,0,1743106092210,134,0.0
1743106093,1.29612,1.29618,0.0,0,1743106093863,134,0.0
1743106097,1.29614,1.2962,0.0,0,1743106097819,134,0.0
1743106102,1.29613,1.29619,0.0,0,1743106102112,134,0.0
1743106103,1.29612,1.29618,0.0,0,1743106103101,134,0.0
1743106104,1.29613,1.29619,0.0,0,1743106104090,134,0.0
1743106107,1.29612,1.29618,0.0,0,1743106107060,134,0.0
1743106112,1.29611,1.29617,0.0,0,1743106112011,134,0.0
1743106113,1.29606,1.29612,0.0,0,1743106113996,134,0.0
1743106114,1.2961,1.29616,0.0,0,1743106114650,134,0.0
1743106122,1.29609,1.29615,0.0,0,1743106122569,134,0.0
1743106123,1.2961,1.29616,0.0,0,1743106123231,134,0.0
1743106125,1.29609,1.29615,0.0,0,1743106125210,134,0.0
1743106126,1.2960099999999999,1.29607,0.0,0,1743106126533,134,0.0
1743106126,1.29602,1.29608,0.0,0,1743106126857,134,0.0
1743106127,1.2960099999999999,1.2961,0.0,0,1743106127192,134,0.0
1743106127,1.29599,1.29608,0.0,0,1743106127521,134,0.0
1743106127,1.2960099999999999,1.2961,0.0,0,1743106127853,134,0.0
1743106128,1.296,1.29609,0.0,0,1743106128180,134,0.0
1743106128,1.2960099999999999,1.2961,0.0,0,1743106128510,134,0.0
1743106131,1.29604,1.29613,0.0,0,1743106131153,134,0.0
1743106131,1.29606,1.29615,0.0,0,1743106131481,134,0.0
1743106131,1.29605,1.29614,0.0,0,1743106131807,134,0.0
1743106132,1.29604,1.29613,0.0,0,1743106132144,134,0.0
1743106135,1.29605,1.29613,0.0,0,1743106135110,130,0.0
1743106135,1.29604,1.29612,0.0,0,1743106135441,134,0.0
1743106137,1.29607,1.29614,0.0,0,1743106137090,134,0.0
1743106138,1.29607,1.29615,0.0,0,1743106138080,4,0.0
1743106138,1.29605,1.29613,0.0,0,1743106138411,134,0.0
1743106139,1.29604,1.29612,0.0,0,1743106139729,134,0.0
1743106140,1.29604,1.29612,0.0,0,1743106140058,130,0.0
1743106141,1.29604,1.29611,0.0,0,1743106141050,4,0.0
1743106142,1.29605,1.29612,0.0,0,1743106142039,134,0.0
1743106143,1.29605,1.29611,0.0,0,1743106143034,4,0.0
1743106144,1.29604,1.2961,0.0,0,1743106144019,134,0.0
1743106144,1.29605,1.29611,0.0,0,1743106144351,134,0.0
1743106145,1.29604,1.2961,0.0,0,1743106145339,134,0.0
1743106145,1.29602,1.29608,0.0,0,1743106145673,134,0.0
1743106145,1.29603,1.29609,0.0,0,1743106145999,134,0.0
1743106146,1.29602,1.29609,0.0,0,1743106146330,130,0.0
1743106147,1.29604,1.29611,0.0,0,1743106147652,134,0.0
1743106150,1.29608,1.29615,0.0,0,1743106150618,134,0.0
1743106151,1.29609,1.29618,0.0,0,1743106151294,134,0.0
1743106151,1.29608,1.29617,0.0,0,1743106151938,134,0.0
1743106152,1.29609,1.29617,0.0,0,1743106152269,130,0.0
1743106153,1.29605,1.29613,0.0,0,1743106153261,134,0.0
1743106154,1.29604,1.29613,0.0,0,1743106154247,130,0.0
1743106156,1.29605,1.29613,0.0,0,1743106156228,130,0.0
1743106157,1.29604,1.29612,0.0,0,1743106157550,134,0.0
1743106158,1.29604,1.29611,0.0,0,1743106158209,4,0.0
1743106159,1.29606,1.29613,0.0,0,1743106159201,134,0.0
1743106159,1.29609,1.29616,0.0,0,1743106159528,134,0.0
1743106160,1.29608,1.29617,0.0,0,1743106160190,134,0.0
1743106161,1.29606,1.29615,0.0,0,1743106161184,134,0.0
1743106161,1.29607,1.29616,0.0,0,1743106161512,134,0.0
1743106161,1.29605,1.29614,0.0,0,1743106161842,134,0.0
1743106162,1.29607,1.29616,0.0,0,1743106162830,134,0.0
1743106163,1.29608,1.29617,0.0,0,1743106163818,134,0.0
1743106164,1.29609,1.29617,0.0,0,1743106164155,130,0.0
1743106165,1.29608,1.29616,0.0,0,1743106165482,134,0.0
1743106166,1.29609,1.29616,0.0,0,1743106166129,130,0.0
1743106168,1.29609,1.29615,0.0,0,1743106168112,4,0.0
1743106168,1.2961,1.29616,0.0,0,1743106168767,134,0.0
1743106169,1.29611,1.29617,0.0,0,1743106169100,134,0.0
1743106170,1.2961,1.29616,0.0,0,1743106170417,134,0.0
1743106170,1.29611,1.29617,0.0,0,1743106170748,134,0.0
1743106171,1.2961,1.29616,0.0,0,1743106171410,134,0.0
1743106178,1.29613,1.29619,0.0,0,1743106178012,134,0.0
1743106178,1.29614,1.2962,0.0,0,1743106178674,134,0.0
1743106179,1.29613,1.2962099999999999,0.0,0,1743106179331,134,0.0
1743106179,1.29614,1.29622,0.0,0,1743106179989,134,0.0
1743106181,1.29614,1.2962099999999999,0.0,0,1743106181310,4,0.0
1743106181,1.29613,1.2962,0.0,0,1743106181971,134,0.0
1743106182,1.29614,1.2962099999999999,0.0,0,1743106182960,134,0.0
1743106184,1.29613,1.2962,0.0,0,1743106184937,134,0.0
1743106185,1.29614,1.2962,0.0,0,1743106185271,130,0.0
1743106195,1.29613,1.29619,0.0,0,1743106195169,134,0.0
1743106195,1.29611,1.29617,0.0,0,1743106195171,134,0.0
1743106195,1.29613,1.29619,0.0,0,1743106195500,134,0.0
1743106196,1.29612,1.29618,0.0,0,1743106196164,134,0.0
1743106196,1.29613,1.29619,0.0,0,1743106196490,134,0.0
1743106200,1.29613,1.29619,0.0,0,1743106200117,130,0.0
1743106203,1.29612,1.29618,0.0,0,1743106203090,134,0.0
1743106203,1.29611,1.29617,0.0,0,1743106203760,134,0.0
1743106204,1.29612,1.29618,0.0,0,1743106204078,134,0.0
1743106207,1.29611,1.29617,0.0,0,1743106207049,134,0.0
1743106208,1.2961,1.29617,0.0,0,1743106208042,130,0.0
1743106208,1.29613,1.2962,0.0,0,1743106208700,134,0.0
1743106209,1.29612,1.2962,0.0,0,1743106209360,130,0.0
1743106210,1.29613,1.2962,0.0,0,1743106210036,130,0.0
1743106210,1.29614,1.2962099999999999,0.0,0,1743106210679,134,0.0
1743106215,1.29613,1.2962,0.0,0,1743106215628,134,0.0
1743106219,1.29613,1.29619,0.0,0,1743106219261,4,0.0
1743106220,1.29612,1.29618,0.0,0,1743106220580,134,0.0
1743106221,1.29612,1.29619,0.0,0,1743106221239,4,0.0
1743106222,1.29612,1.29618,0.0,0,1743106222231,4,0.0
1743106223,1.29611,1.29617,0.0,0,1743106223221,134,0.0
1743106224,1.29611,1.29618,0.0,0,1743106224208,4,0.0
1743106224,1.2961,1.29617,0.0,0,1743106224544,134,0.0
1743106224,1.29611,1.29618,0.0,0,1743106224868,134,0.0
1743106225,1.29609,1.29615,0.0,0,1743106225200,134,0.0
1743106225,1.2961,1.29616,0.0,0,1743106225526,134,0.0
1743106226,1.29609,1.29616,0.0,0,1743106226189,130,0.0
1743106227,1.29608,1.29615,0.0,0,1743106227180,134,0.0
1743106231,1.29609,1.29616,0.0,0,1743106231139,134,0.0
1743106231,1.2961,1.29617,0.0,0,1743106231801,134,0.0
1743106232,1.29612,1.2962,0.0,0,1743106232130,134,0.0
1743106233,1.2961,1.29618,0.0,0,1743106233452,134,0.0
1743106237,1.2961,1.29617,0.0,0,1743106237079,4,0.0
1743106237,1.29609,1.29616,0.0,0,1743106237408,134,0.0
1743106237,1.2961,1.29617,0.0,0,1743106237738,134,0.0
1743106246,1.29611,1.29618,0.0,0,1743106246317,134,0.0
1743106246,1.29612,1.29619,0.0,0,1743106246651,134,0.0
1743106260,1.29612,1.29619,0.0,0,1743106260180,130,0.0
1743106262,1.2961,1.29617,0.0,0,1743106262491,134,0.0
1743106263,1.29609,1.29617,0.0,0,1743106263151,130,0.0
1743106263,1.2961,1.29618,0.0,0,1743106263476,134,0.0
1743106263,1.29613,1.2962099999999999,0.0,0,1743106263807,134,0.0
1743106264,1.29612,1.2962099999999999,0.0,0,1743106264137,130,0.0
1743106266,1.29612,1.2962,0.0,0,1743106266118,4,0.0
1743106266,1.29613,1.2962099999999999,0.0,0,1743106266451,134,0.0
1743106266,1.29612,1.2962,0.0,0,1743106266453,134,0.0
1743106267,1.29614,1.29622,0.0,0,1743106267440,134,0.0
1743106269,1.29617,1.29626,0.0,0,1743106269088,134,0.0
1743106269,1.29618,1.29627,0.0,0,1743106269749,134,0.0
1743106270,1.29618,1.29626,0.0,0,1743106270080,4,0.0
1743106270,1.29619,1.29627,0.0,0,1743106270406,134,0.0
1743106271,1.2962099999999999,1.29629,0.0,0,1743106271727,134,0.0
1743106276,1.2962,1.2962799999999999,0.0,0,1743106276018,134,0.0
1743106277,1.2962099999999999,1.29629,0.0,0,1743106277009,134,0.0
1743106277,1.29622,1.2963,0.0,0,1743106277667,134,0.0
1743106277,1.2962099999999999,1.29629,0.0,0,1743106277999,134,0.0
1743106278,1.29622,1.29629,0.0,0,1743106278334,130,0.0
1743106279,1.29629,1.29636,0.0,0,1743106279981,134,0.0
1743106279,1.29627,1.29634,0.0,0,1743106279995,134,0.0
1743106280,1.29627,1.29636,0.0,0,1743106280308,4,0.0
1743106280,1.2962799999999999,1.29637,0.0,0,1743106280640,134,0.0
1743106280,1.29627,1.29636,0.0,0,1743106280968,134,0.0
1743106281,1.2962799999999999,1.29637,0.0,0,1743106281299,134,0.0
1743106281,1.29627,1.29636,0.0,0,1743106281630,134,0.0
1743106281,1.2962799999999999,1.29637,0.0,0,1743106281957,134,0.0
1743106282,1.29629,1.29638,0.0,0,1743106282289,134,0.0
1743106282,1.29635,1.29644,0.0,0,1743106282618,134,0.0
1743106282,1.29632,1.29641,0.0,0,1743106282636,134,0.0
1743106282,1.29634,1.29643,0.0,0,1743106282948,134,0.0
1743106283,1.29633,1.29642,0.0,0,1743106283279,134,0.0
1743106283,1.29632,1.29641,0.0,0,1743106283610,134,0.0
1743106286,1.29631,1.2964,0.0,0,1743106286249,134,0.0
1743106286,1.29644,1.29653,0.0,0,1743106286912,134,0.0
1743106287,1.29645,1.29654,0.0,0,1743106287247,134,0.0
1743106287,1.29648,1.29657,0.0,0,1743106287567,134,0.0
1743106287,1.29649,1.29658,0.0,0,1743106287899,134,0.0
1743106287,1.2965,1.2965900000000001,0.0,0,1743106287905,134,0.0
1743106289,1.29649,1.29658,0.0,0,1743106289219,134,0.0
1743106289,1.29651,1.2966,0.0,0,1743106289551,134,0.0
1743106289,1.2965200000000001,1.29661,0.0,0,1743106289876,134,0.0
1743106291,1.29653,1.2966199999999999,0.0,0,1743106291197,134,0.0
1743106291,1.29651,1.2966,0.0,0,1743106291529,134,0.0
1743106294,1.2965,1.2965900000000001,0.0,0,1743106294237,134,0.0
1743106294,1.29651,1.2966,0.0,0,1743106294828,134,0.0
1743106295,1.2965,1.2965900000000001,0.0,0,1743106295818,134,0.0
1743106297,1.2965,1.29658,0.0,0,1743106297140,4,0.0
1743106300,1.29653,1.29661,0.0,0,1743106300768,134,0.0
1743106301,1.2965200000000001,1.2965900000000001,0.0,0,1743106301097,134,0.0
1743106302,1.2965499999999999,1.2966199999999999,0.0,0,1743106302090,134,0.0
1743106303,1.29654,1.29661,0.0,0,1743106303084,134,0.0
1743106304,1.2965200000000001,1.2965900000000001,0.0,0,1743106304731,134,0.0
1743106305,1.29651,1.29658,0.0,0,1743106305060,134,0.0
1743106305,1.2965,1.29657,0.0,0,1743106305387,134,0.0
1743106307,1.29651,1.29658,0.0,0,1743106307367,134,0.0
1743106308,1.2965,1.29657,0.0,0,1743106308033,134,0.0
1743106311,1.29648,1.2965499999999999,0.0,0,1743106311989,134,0.0
1743106312,1.29649,1.29656,0.0,0,1743106312318,134,0.0
1743106312,1.29644,1.29651,0.0,0,1743106312648,134,0.0
1743106315,1.29645,1.2965200000000001,0.0,0,1743106315618,134,0.0
1743106315,1.29648,1.2965499999999999,0.0,0,1743106315948,134,0.0
1743106316,1.29647,1.29654,0.0,0,1743106316608,134,0.0
1743106316,1.29648,1.2965499999999999,0.0,0,1743106316936,134,0.0
1743106317,1.29648,1.29656,0.0,0,1743106317267,4,0.0
1743106317,1.29647,1.2965499999999999,0.0,0,1743106317598,134,0.0
1743106317,1.29646,1.29654,0.0,0,1743106317938,134,0.0
1743106318,1.29647,1.2965499999999999,0.0,0,1743106318590,134,0.0
1743106319,1.29648,1.29656,0.0,0,1743106319588,134,0.0
1743106319,1.29647,1.2965499999999999,0.0,0,1743106319905,134,0.0
1743106320,1.29646,1.29654,0.0,0,1743106320235,134,0.0
1743106320,1.29645,1.29653,0.0,0,1743106320566,134,0.0
1743106320,1.29644,1.2965200000000001,0.0,0,1743106320897,134,0.0
1743106321,1.29645,1.2965200000000001,0.0,0,1743106321225,130,0.0
1743106321,1.29647,1.29654,0.0,0,1743106321559,134,0.0
1743106321,1.29646,1.29653,0.0,0,1743106321885,134,0.0
1743106322,1.2965200000000001,1.2966,0.0,0,1743106322216,134,0.0
1743106322,1.29653,1.29661,0.0,0,1743106322877,134,0.0
1743106322,1.2965200000000001,1.2966,0.0,0,1743106322891,134,0.0
1743106323,1.2965,1.2965900000000001,0.0,0,1743106323208,134,0.0
1743106323,1.29649,1.29658,0.0,0,1743106323537,134,0.0
1743106326,1.29649,1.29657,0.0,0,1743106326177,4,0.0
1743106328,1.29651,1.2965900000000001,0.0,0,1743106328157,134,0.0
1743106328,1.2965,1.29658,0.0,0,1743106328492,134,0.0
1743106330,1.29657,1.29664,0.0,0,1743106330138,134,0.0
1743106330,1.29653,1.2966,0.0,0,1743106330469,134,0.0
1743106331,1.29651,1.2965900000000001,0.0,0,1743106331131,134,0.0
1743106331,1.2965,1.29658,0.0,0,1743106331788,134,0.0
1743106332,1.2965200000000001,1.2966,0.0,0,1743106332118,134,0.0
1743106334,1.29653,1.2966,0.0,0,1743106334097,130,0.0
1743106334,1.29654,1.29661,0.0,0,1743106334756,134,0.0
1743106337,1.29653,1.2966,0.0,0,1743106337067,134,0.0
1743106341,1.29651,1.29658,0.0,0,1743106341028,134,0.0
1743106341,1.29651,1.29657,0.0,0,1743106341357,4,0.0
1743106341,1.2965200000000001,1.29658,0.0,0,1743106341687,134,0.0
1743106342,1.29651,1.29658,0.0,0,1743106342348,130,0.0
1743106344,1.29653,1.2966,0.0,0,1743106344000,134,0.0
1743106345,1.2965200000000001,1.2965900000000001,0.0,0,1743106345317,134,0.0
1743106346,1.29651,1.29658,0.0,0,1743106346308,134,0.0
1743106346,1.29653,1.2966,0.0,0,1743106346635,134,0.0
1743106346,1.2965200000000001,1.2965900000000001,0.0,0,1743106346968,134,0.0
1743106347,1.2965,1.29657,0.0,0,1743106347299,134,0.0
1743106348,1.29651,1.29658,0.0,0,1743106348287,134,0.0
1743106350,1.2965,1.29657,0.0,0,1743106350925,134,0.0
1743106352,1.29651,1.29657,0.0,0,1743106352249,130,0.0
1743106352,1.2965,1.29656,0.0,0,1743106352583,134,0.0
1743106353,1.29651,1.29657,0.0,0,1743106353239,134,0.0
1743106354,1.29653,1.2965900000000001,0.0,0,1743106354561,134,0.0
1743106355,1.29651,1.29657,0.0,0,1743106355550,134,0.0
1743106355,1.2965,1.29656,0.0,0,1743106355880,134,0.0
1743106357,1.2965,1.29657,0.0,0,1743106357197,4,0.0
1743106357,1.2965200000000001,1.2965900000000001,0.0,0,1743106357856,134,0.0
1743106358,1.2965,1.29657,0.0,0,1743106358191,134,0.0
1743106359,1.29651,1.29658,0.0,0,1743106359839,134,0.0
1743106361,1.29651,1.29657,0.0,0,1743106361159,4,0.0
1743106366,1.2965,1.29656,0.0,0,1743106366109,134,0.0
1743106367,1.29645,1.29651,0.0,0,1743106367431,134,0.0
1743106368,1.29648,1.29654,0.0,0,1743106368092,134,0.0
1743106369,1.29644,1.29651,0.0,0,1743106369080,134,0.0
1743106369,1.29645,1.2965200000000001,0.0,0,1743106369405,134,0.0
1743106371,1.29644,1.29651,0.0,0,1743106371718,134,0.0
1743106373,1.29645,1.2965200000000001,0.0,0,1743106373697,134,0.0
1743106379,1.29646,1.2965200000000001,0.0,0,1743106379314,130,0.0
1743106380,1.29647,1.29653,0.0,0,1743106380297,134,0.0
1743106381,1.29644,1.29651,0.0,0,1743106381286,134,0.0
1743106381,1.29645,1.2965200000000001,0.0,0,1743106381289,134,0.0
1743106381,1.29646,1.29653,0.0,0,1743106381620,134,0.0
1743106382,1.29647,1.29654,0.0,0,1743106382278,134,0.0
1743106382,1.29646,1.29653,0.0,0,1743106382934,134,0.0
1743106383,1.29647,1.29654,0.0,0,1743106383267,134,0.0
1743106383,1.29646,1.29653,0.0,0,1743106383600,134,0.0
1743106385,1.29647,1.29653,0.0,0,1743106385247,130,0.0
1743106386,1.2965,1.29656,0.0,0,1743106386241,134,0.0
1743106386,1.29647,1.29653,0.0,0,1743106386243,134,0.0
1743106386,1.2965,1.29656,0.0,0,1743106386568,134,0.0
1743106387,1.29649,1.29656,0.0,0,1743106387228,130,0.0
1743106387,1.29647,1.29654,0.0,0,1743106387554,134,0.0
1743106388,1.29648,1.2965499999999999,0.0,0,1743106388879,134,0.0
1743106389,1.29648,1.29656,0.0,0,1743106389214,4,0.0
1743106389,1.29649,1.29657,0.0,0,1743106389540,134,0.0
1743106390,1.2965,1.29657,0.0,0,1743106390196,130,0.0
1743106390,1.29649,1.29656,0.0,0,1743106390877,134,0.0
1743106391,1.29651,1.29658,0.0,0,1743106391188,134,0.0
1743106391,1.2965200000000001,1.2965900000000001,0.0,0,1743106391515,134,0.0
1743106392,1.2965,1.29657,0.0,0,1743106392509,134,0.0
1743106394,1.29649,1.29657,0.0,0,1743106394158,130,0.0
1743106397,1.29649,1.29656,0.0,0,1743106397125,4,0.0
1743106399,1.29643,1.2965,0.0,0,1743106399107,134,0.0
1743106399,1.29641,1.29648,0.0,0,1743106399768,134,0.0
1743106400,1.2964,1.29649,0.0,0,1743106400098,134,0.0
1743106400,1.29639,1.29648,0.0,0,1743106400425,134,0.0
1743106400,1.29631,1.2964,0.0,0,1743106400764,134,0.0
1743106401,1.2963,1.29639,0.0,0,1743106401086,134,0.0
1743106402,1.29629,1.29638,0.0,0,1743106402078,134,0.0
1743106402,1.2963,1.29639,0.0,0,1743106402737,134,0.0
1743106403,1.29631,1.2964,0.0,0,1743106403069,134,0.0
1743106403,1.29632,1.29641,0.0,0,1743106403398,134,0.0
1743106404,1.29631,1.2964,0.0,0,1743106404387,134,0.0
1743106405,1.2963,1.29639,0.0,0,1743106405708,134,0.0
1743106406,1.29631,1.2964,0.0,0,1743106406038,134,0.0
1743106407,1.29629,1.29638,0.0,0,1743106407688,134,0.0
1743106408,1.2963,1.29639,0.0,0,1743106408014,134,0.0
1743106408,1.29632,1.29641,0.0,0,1743106408349,134,0.0
1743106408,1.2963,1.29639,0.0,0,1743106408679,134,0.0
1743106410,1.29629,1.29637,0.0,0,1743106410332,134,0.0
1743106411,1.29632,1.2964,0.0,0,1743106411648,134,0.0
1743106411,1.29633,1.29641,0.0,0,1743106411976,134,0.0
1743106411,1.29632,1.2964,0.0,0,1743106411993,134,0.0
1743106416,1.29633,1.2964,0.0,0,1743106416267,130,0.0
1743106417,1.29631,1.29638,0.0,0,1743106417588,134,0.0
1743106417,1.29632,1.29639,0.0,0,1743106417914,134,0.0
1743106418,1.29633,1.2964,0.0,0,1743106418907,134,0.0
1743106420,1.29631,1.29638,0.0,0,1743106420558,134,0.0
1743106420,1.2963,1.29637,0.0,0,1743106420567,134,0.0
1743106421,1.29631,1.29638,0.0,0,1743106421217,134,0.0
1743106423,1.29633,1.2964,0.0,0,1743106423197,134,0.0
1743106423,1.29639,1.29646,0.0,0,1743106423526,134,0.0
1743106424,1.29638,1.29645,0.0,0,1743106424193,134,0.0
1743106425,1.29638,1.29647,0.0,0,1743106425176,4,0.0
1743106425,1.29639,1.29648,0.0,0,1743106425507,134,0.0
1743106425,1.29638,1.29647,0.0,0,1743106425839,134,0.0
1743106426,1.29639,1.29647,0.0,0,1743106426166,130,0.0
1743106427,1.29641,1.29649,0.0,0,1743106427820,134,0.0
1743106429,1.29642,1.2965,0.0,0,1743106429137,134,0.0
1743106430,1.29642,1.29649,0.0,0,1743106430127,4,0.0
1743106430,1.29645,1.2965200000000001,0.0,0,1743106430789,134,0.0
1743106431,1.29649,1.29656,0.0,0,1743106431775,134,0.0
1743106432,1.29647,1.29654,0.0,0,1743106432437,134,0.0
1743106432,1.29643,1.2965,0.0,0,1743106432769,134,0.0
1743106433,1.29642,1.29649,0.0,0,1743106433756,134,0.0
1743106434,1.29641,1.2965,0.0,0,1743106434089,134,0.0
1743106434,1.2964,1.29649,0.0,0,1743106434415,134,0.0
1743106434,1.29632,1.29641,0.0,0,1743106434756,134,0.0
1743106434,1.29631,1.2964,0.0,0,1743106434758,134,0.0
1743106435,1.29632,1.29641,0.0,0,1743106435737,134,0.0
1743106436,1.29633,1.29642,0.0,0,1743106436067,134,0.0
1743106436,1.29634,1.29643,0.0,0,1743106436728,134,0.0
1743106437,1.29632,1.29641,0.0,0,1743106437060,134,0.0
1743106437,1.2963,1.29639,0.0,0,1743106437386,134,0.0
1743106439,1.29632,1.29641,0.0,0,1743106439695,134,0.0
1743106440,1.29631,1.2964,0.0,0,1743106440027,134,0.0
1743106442,1.2963,1.29639,0.0,0,1743106442005,134,0.0
1743106442,1.29631,1.2964,0.0,0,1743106442673,134,0.0
1743106442,1.29632,1.29641,0.0,0,1743106442994,134,0.0
1743106443,1.29629,1.29637,0.0,0,1743106443325,134,0.0
1743106444,1.2963,1.29638,0.0,0,1743106444644,134,0.0
1743106445,1.29633,1.29641,0.0,0,1743106445964,134,0.0
1743106446,1.29632,1.2964,0.0,0,1743106446626,134,0.0
1743106447,1.2962,1.2962799999999999,0.0,0,1743106447619,134,0.0
1743106448,1.2961,1.29618,0.0,0,1743106448278,134,0.0
1743106448,1.29612,1.2962,0.0,0,1743106448605,134,0.0
1743106449,1.29612,1.2962099999999999,0.0,0,1743106449266,4,0.0
1743106449,1.29611,1.2962,0.0,0,1743106449598,134,0.0
1743106449,1.29612,1.2962099999999999,0.0,0,1743106449598,134,0.0
1743106450,1.2961,1.29619,0.0,0,1743106450914,134,0.0
1743106451,1.29612,1.2962099999999999,0.0,0,1743106451246,134,0.0
1743106457,1.29613,1.2962099999999999,0.0,0,1743106457185,130,0.0
1743106457,1.29616,1.29624,0.0,0,1743106457201,134,0.0
1743106457,1.29617,1.2962500000000001,0.0,0,1743106457518,134,0.0
1743106457,1.29616,1.29624,0.0,0,1743106457530,134,0.0
1743106457,1.29618,1.29626,0.0,0,1743106457846,134,0.0
1743106458,1.29616,1.29624,0.0,0,1743106458842,134,0.0
1743106458,1.29614,1.29622,0.0,0,1743106458844,134,0.0
1743106459,1.29613,1.2962099999999999,0.0,0,1743106459165,134,0.0
1743106461,1.29614,1.29622,0.0,0,1743106461144,134,0.0
1743106463,1.29619,1.29627,0.0,0,1743106463127,134,0.0
1743106463,1.29618,1.29626,0.0,0,1743106463456,134,0.0
1743106463,1.2962,1.2962799999999999,0.0,0,1743106463785,134,0.0
1743106464,1.29622,1.2963,0.0,0,1743106464447,134,0.0
1743106465,1.29623,1.29631,0.0,0,1743106465108,134,0.0
1743106466,1.29623,1.2963,0.0,0,1743106466096,4,0.0
1743106467,1.2962,1.29627,0.0,0,1743106467751,134,0.0
1743106468,1.29622,1.29629,0.0,0,1743106468076,134,0.0
1743106468,1.29623,1.2963,0.0,0,1743106468404,134,0.0
1743106469,1.29622,1.29629,0.0,0,1743106469064,134,0.0
1743106469,1.29623,1.2963,0.0,0,1743106469725,134,0.0
1743106473,1.29624,1.29631,0.0,0,1743106473354,134,0.0
1743106474,1.29627,1.29634,0.0,0,1743106474353,134,0.0
1743106475,1.2962799999999999,1.29635,0.0,0,1743106475005,134,0.0
1743106475,1.29627,1.29634,0.0,0,1743106475665,134,0.0
1743106477,1.2962799999999999,1.29635,0.0,0,1743106477980,134,0.0
1743106480,1.2962799999999999,1.29634,0.0,0,1743106480285,4,0.0
1743106480,1.2963,1.29636,0.0,0,1743106480617,134,0.0
1743106482,1.29631,1.29637,0.0,0,1743106482599,134,0.0
1743106484,1.2963,1.29636,0.0,0,1743106484251,134,0.0
1743106484,1.29631,1.29637,0.0,0,1743106484576,134,0.0
1743106485,1.2963,1.29636,0.0,0,1743106485897,134,0.0
1743106486,1.2962799999999999,1.29634,0.0,0,1743106486231,134,0.0
1743106486,1.2963,1.29636,0.0,0,1743106486558,134,0.0
1743106486,1.29631,1.29637,0.0,0,1743106486887,134,0.0
1743106487,1.29629,1.29635,0.0,0,1743106487548,134,0.0
1743106488,1.2963,1.29636,0.0,0,1743106488206,134,0.0
1743106488,1.29629,1.29635,0.0,0,1743106488867,134,0.0
1743106489,1.2962799999999999,1.29634,0.0,0,1743106489199,134,0.0
1743106489,1.29629,1.29635,0.0,0,1743106489527,134,0.0
1743106489,1.2962799999999999,1.29634,0.0,0,1743106489853,134,0.0
1743106490,1.29629,1.29635,0.0,0,1743106490189,134,0.0
1743106490,1.2962799999999999,1.29634,0.0,0,1743106490848,134,0.0
1743106491,1.29629,1.29635,0.0,0,1743106491176,134,0.0
1743106491,1.29632,1.29638,0.0,0,1743106491507,134,0.0
1743106492,1.29634,1.2964,0.0,0,1743106492167,134,0.0
1743106493,1.29634,1.29641,0.0,0,1743106493155,4,0.0
1743106497,1.29633,1.2964,0.0,0,1743106497129,134,0.0
1743106497,1.29632,1.29639,0.0,0,1743106497460,134,0.0
1743106497,1.29633,1.2964,0.0,0,1743106497777,134,0.0
1743106498,1.29634,1.29641,0.0,0,1743106498764,134,0.0
1743106499,1.29635,1.29642,0.0,0,1743106499755,134,0.0
1743106500,1.29635,1.29642,0.0,0,1743106500086,130,0.0
1743106501,1.29634,1.29641,0.0,0,1743106501408,134,0.0
1743106504,1.29635,1.29641,0.0,0,1743106504047,130,0.0
1743106509,1.29634,1.2964,0.0,0,1743106509325,134,0.0
1743106513,1.29633,1.29639,0.0,0,1743106513948,134,0.0
1743106514,1.29629,1.29635,0.0,0,1743106514607,134,0.0
1743106516,1.29629,1.29636,0.0,0,1743106516259,4,0.0
1743106516,1.2962799999999999,1.29635,0.0,0,1743106516917,134,0.0
1743106517,1.2963,1.29637,0.0,0,1743106517245,134,0.0
1743106517,1.29631,1.29638,0.0,0,1743106517573,134,0.0
1743106519,1.2963,1.29637,0.0,0,1743106519223,134,0.0
1743106520,1.29631,1.29638,0.0,0,1743106520218,134,0.0
1743106522,1.2963,1.29637,0.0,0,1743106522855,134,0.0
1743106523,1.29629,1.29636,0.0,0,1743106523187,134,0.0
1743106529,1.2963,1.29636,0.0,0,1743106529130,130,0.0
1743106529,1.29631,1.29637,0.0,0,1743106529787,134,0.0
1743106530,1.2963,1.29637,0.0,0,1743106530113,130,0.0
1743106532,1.29631,1.29637,0.0,0,1743106532094,130,0.0
1743106533,1.29634,1.2964,0.0,0,1743106533757,134,0.0
1743106534,1.29635,1.29641,0.0,0,1743106534073,134,0.0
1743106535,1.29635,1.29642,0.0,0,1743106535063,4,0.0
1743106535,1.29634,1.29641,0.0,0,1743106535724,134,0.0
1743106536,1.29635,1.29642,0.0,0,1743106536385,134,0.0
1743106540,1.29634,1.29641,0.0,0,1743106540345,134,0.0
1743106542,1.29633,1.2964,0.0,0,1743106542987,134,0.0
1743106543,1.29634,1.29641,0.0,0,1743106543316,134,0.0
1743106548,1.29634,1.2964,0.0,0,1743106548266,4,0.0
1743106551,1.29635,1.29641,0.0,0,1743106551895,134,0.0
1743106552,1.29636,1.29642,0.0,0,1743106552886,134,0.0
1743106553,1.29642,1.29648,0.0,0,1743106553214,134,0.0
1743106554,1.2964,1.29649,0.0,0,1743106554208,134,0.0
1743106555,1.2964,1.29648,0.0,0,1743106555196,4,0.0
1743106555,1.29641,1.29649,0.0,0,1743106555526,134,0.0
1743106557,1.29643,1.29651,0.0,0,1743106557837,134,0.0
1743106558,1.29645,1.29653,0.0,0,1743106558170,134,0.0
1743106558,1.29644,1.2965200000000001,0.0,0,1743106558495,134,0.0
1743106558,1.29645,1.29653,0.0,0,1743106558499,134,0.0
1743106560,1.29645,1.29653,0.0,0,1743106560146,130,0.0
1743106560,1.29644,1.2965200000000001,0.0,0,1743106560476,134,0.0
1743106561,1.29649,1.29657,0.0,0,1743106561469,134,0.0
1743106562,1.2965,1.29658,0.0,0,1743106562131,134,0.0
1743106562,1.29649,1.29657,0.0,0,1743106562456,134,0.0
1743106563,1.29647,1.2965499999999999,0.0,0,1743106563778,134,0.0
1743106564,1.29648,1.29656,0.0,0,1743106564435,134,0.0
1743106566,1.29644,1.2965200000000001,0.0,0,1743106566088,134,0.0
1743106566,1.29643,1.29651,0.0,0,1743106566091,134,0.0
1743106566,1.29642,1.2965,0.0,0,1743106566746,134,0.0
1743106567,1.29643,1.2965200000000001,0.0,0,1743106567074,134,0.0
1743106569,1.29643,1.29651,0.0,0,1743106569058,4,0.0
1743106573,1.29644,1.29651,0.0,0,1743106573347,130,0.0
1743106574,1.29643,1.2965,0.0,0,1743106574994,134,0.0
1743106577,1.29644,1.29651,0.0,0,1743106577645,134,0.0
1743106582,1.29644,1.2965,0.0,0,1743106582256,4,0.0
1743106582,1.29645,1.29651,0.0,0,1743106582586,134,0.0
1743106582,1.29644,1.2965,0.0,0,1743106582914,134,0.0
1743106592,1.29645,1.29651,0.0,0,1743106592815,134,0.0
1743106593,1.29644,1.2965,0.0,0,1743106593805,134,0.0
1743106594,1.29645,1.29651,0.0,0,1743106594465,134,0.0
1743106594,1.29644,1.2965,0.0,0,1743106594798,134,0.0
1743106595,1.29645,1.29651,0.0,0,1743106595455,134,0.0
1743106595,1.29646,1.2965200000000001,0.0,0,1743106595787,134,0.0
1743106596,1.29645,1.2965200000000001,0.0,0,1743106596114,130,0.0
1743106596,1.29646,1.29653,0.0,0,1743106596446,134,0.0
1743106597,1.29645,1.2965200000000001,0.0,0,1743106597105,134,0.0
1743106598,1.29646,1.29653,0.0,0,1743106598754,134,0.0
1743106599,1.29645,1.2965200000000001,0.0,0,1743106599417,134,0.0
1743106599,1.29646,1.29653,0.0,0,1743106599419,134,0.0
1743106600,1.29645,1.2965200000000001,0.0,0,1743106600737,134,0.0
1743106601,1.29646,1.29653,0.0,0,1743106601062,134,0.0
1743106601,1.29645,1.2965200000000001,0.0,0,1743106601395,134,0.0
1743106602,1.29644,1.29651,0.0,0,1743106602713,134,0.0
1743106603,1.29645,1.2965200000000001,0.0,0,1743106603051,134,0.0
1743106603,1.29644,1.29651,0.0,0,1743106603704,134,0.0
1743106604,1.29645,1.2965200000000001,0.0,0,1743106604697,134,0.0
1743106605,1.29644,1.29651,0.0,0,1743106605023,134,0.0
1743106605,1.29645,1.2965200000000001,0.0,0,1743106605687,134,0.0
1743106606,1.2965,1.29657,0.0,0,1743106606677,134,0.0
1743106607,1.29649,1.29658,0.0,0,1743106607336,134,0.0
1743106608,1.29649,1.29657,0.0,0,1743106608326,4,0.0
1743106609,1.29644,1.2965200000000001,0.0,0,1743106609321,134,0.0
1743106609,1.29645,1.29653,0.0,0,1743106609645,134,0.0
1743106609,1.29647,1.2965499999999999,0.0,0,1743106609973,134,0.0
1743106610,1.29647,1.29656,0.0,0,1743106610310,4,0.0
1743106610,1.29649,1.29658,0.0,0,1743106610632,134,0.0
1743106614,1.29648,1.29657,0.0,0,1743106614597,134,0.0
1743106614,1.29649,1.29658,0.0,0,1743106614924,134,0.0
1743106615,1.29649,1.29657,0.0,0,1743106615258,4,0.0
1743106616,1.29651,1.2965900000000001,0.0,0,1743106616575,134,0.0
1743106617,1.29649,1.29657,0.0,0,1743106617895,134,0.0
1743106620,1.29649,1.29657,0.0,0,1743106620204,130,0.0
1743106621,1.2965,1.29657,0.0,0,1743106621195,130,0.0
1743106621,1.29649,1.29656,0.0,0,1743106621527,134,0.0
1743106627,1.29651,1.29658,0.0,0,1743106627792,134,0.0
1743106628,1.2965,1.29657,0.0,0,1743106628125,134,0.0
1743106628,1.29651,1.29658,0.0,0,1743106628133,134,0.0
1743106628,1.2965200000000001,1.2965900000000001,0.0,0,1743106628788,134,0.0
1743106631,1.2965499999999999,1.2966199999999999,0.0,0,1743106631093,134,0.0
1743106632,1.29654,1.29661,0.0,0,1743106632082,134,0.0
1743106632,1.2965499999999999,1.2966199999999999,0.0,0,1743106632417,134,0.0
1743106632,1.29653,1.2966,0.0,0,1743106632750,134,0.0
1743106633,1.29654,1.29661,0.0,0,1743106633073,134,0.0
1743106633,1.29653,1.2966,0.0,0,1743106633405,134,0.0
1743106634,1.29653,1.29661,0.0,0,1743106634065,4,0.0
1743106635,1.29653,1.2966,0.0,0,1743106635058,4,0.0
1743106636,1.2965200000000001,1.2965900000000001,0.0,0,1743106636044,134,0.0
1743106636,1.29653,1.2966,0.0,0,1743106636706,134,0.0
1743106637,1.29654,1.29661,0.0,0,1743106637364,134,0.0
1743106637,1.29653,1.2966,0.0,0,1743106637693,134,0.0
1743106638,1.2965499999999999,1.2966199999999999,0.0,0,1743106638024,134,0.0
1743106638,1.29654,1.29661,0.0,0,1743106638685,134,0.0
1743106640,1.29653,1.2966,0.0,0,1743106640335,134,0.0
1743106642,1.29654,1.29661,0.0,0,1743106642644,134,0.0
1743106643,1.29653,1.2966,0.0,0,1743106643313,134,0.0
1743106644,1.29654,1.29661,0.0,0,1743106644626,134,0.0
1743106644,1.29653,1.2966,0.0,0,1743106644955,134,0.0
1743106647,1.29654,1.29661,0.0,0,1743106647608,134,0.0
1743106647,1.29653,1.2966,0.0,0,1743106647926,134,0.0
1743106649,1.29654,1.29661,0.0,0,1743106649905,134,0.0
1743106650,1.29653,1.2966,0.0,0,1743106650236,134,0.0
1743106650,1.29654,1.29661,0.0,0,1743106650569,134,0.0
1743106650,1.29653,1.2966,0.0,0,1743106650894,134,0.0
1743106651,1.29654,1.29661,0.0,0,1743106651226,134,0.0
1743106651,1.29653,1.2966,0.0,0,1743106651554,134,0.0
1743106652,1.29654,1.29661,0.0,0,1743106652213,134,0.0
1743106652,1.29656,1.29663,0.0,0,1743106652877,134,0.0
1743106653,1.29658,1.29665,0.0,0,1743106653203,134,0.0
1743106653,1.29657,1.29664,0.0,0,1743106653535,134,0.0
1743106654,1.29658,1.29665,0.0,0,1743106654526,134,0.0
1743106655,1.29654,1.29661,0.0,0,1743106655185,134,0.0
1743106656,1.29653,1.2966199999999999,0.0,0,1743106656174,134,0.0
1743106657,1.29654,1.29663,0.0,0,1743106657492,134,0.0
1743106657,1.29653,1.2966199999999999,0.0,0,1743106657825,134,0.0
1743106659,1.29654,1.2966199999999999,0.0,0,1743106659144,130,0.0
1743106661,1.29653,1.29661,0.0,0,1743106661455,134,0.0
1743106663,1.29654,1.29661,0.0,0,1743106663102,130,0.0
1743106664,1.2965900000000001,1.29666,0.0,0,1743106664091,134,0.0
1743106665,1.29658,1.29667,0.0,0,1743106665086,134,0.0
1743106666,1.2965900000000001,1.29667,0.0,0,1743106666074,130,0.0
1743106668,1.2966,1.29668,0.0,0,1743106668057,134,0.0
1743106670,1.2965900000000001,1.29667,0.0,0,1743106670035,134,0.0
1743106673,1.2965900000000001,1.29666,0.0,0,1743106673333,4,0.0
1743106674,1.29661,1.29668,0.0,0,1743106674654,134,0.0
1743106675,1.2966199999999999,1.29669,0.0,0,1743106675314,134,0.0
1743106679,1.29661,1.29668,0.0,0,1743106679603,134,0.0
1743106680,1.29661,1.29668,0.0,0,1743106680266,130,0.0
1743106686,1.29661,1.29667,0.0,0,1743106686201,4,0.0
1743106686,1.29663,1.29669,0.0,0,1743106686865,134,0.0
1743106688,1.2966199999999999,1.29669,0.0,0,1743106688182,130,0.0
1743106688,1.29663,1.2967,0.0,0,1743106688516,134,0.0
1743106688,1.29664,1.29671,0.0,0,1743106688845,134,0.0
1743106689,1.29663,1.2967,0.0,0,1743106689506,134,0.0
1743106695,1.29664,1.29671,0.0,0,1743106695442,134,0.0
1743106696,1.29663,1.2967,0.0,0,1743106696105,134,0.0
1743106698,1.2966199999999999,1.29669,0.0,0,1743106698745,134,0.0
1743106700,1.29665,1.29672,0.0,0,1743106700400,134,0.0
1743106700,1.29663,1.2967,0.0,0,1743106700724,134,0.0
1743106704,1.2966199999999999,1.29669,0.0,0,1743106704690,134,0.0
1743106705,1.29664,1.29671,0.0,0,1743106705341,134,0.0
1743106706,1.29663,1.2967,0.0,0,1743106706004,134,0.0
1743106706,1.2965900000000001,1.29667,0.0,0,1743106706332,134,0.0
1743106706,1.29654,1.2966199999999999,0.0,0,1743106706679,134,0.0
1743106706,1.29653,1.29661,0.0,0,1743106706994,134,0.0
1743106707,1.2965200000000001,1.2966,0.0,0,1743106707002,134,0.0
1743106707,1.29651,1.2966,0.0,0,1743106707324,130,0.0
1743106707,1.2965200000000001,1.29661,0.0,0,1743106707654,134,0.0
1743106707,1.29653,1.2966199999999999,0.0,0,1743106707993,134,0.0
1743106708,1.2965200000000001,1.29661,0.0,0,1743106708972,134,0.0
1743106710,1.29653,1.2966199999999999,0.0,0,1743106710624,134,0.0
1743106711,1.2965200000000001,1.29661,0.0,0,1743106711284,134,0.0
1743106715,1.29651,1.2966,0.0,0,1743106715909,134,0.0
1743106716,1.2965200000000001,1.2966,0.0,0,1743106716232,130,0.0
1743106716,1.29653,1.29661,0.0,0,1743106716892,134,0.0
1743106717,1.2965200000000001,1.2966,0.0,0,1743106717222,134,0.0
1743106717,1.29653,1.29661,0.0,0,1743106717553,134,0.0
1743106718,1.2965200000000001,1.2966,0.0,0,1743106718874,134,0.0
1743106720,1.2965200000000001,1.2965900000000001,0.0,0,1743106720194,4,0.0
1743106720,1.29653,1.2966,0.0,0,1743106720854,134,0.0
1743106721,1.29654,1.29661,0.0,0,1743106721184,134,0.0
1743106723,1.2966,1.29667,0.0,0,1743106723497,134,0.0
1743106723,1.2965900000000001,1.29666,0.0,0,1743106723825,134,0.0
1743106724,1.29658,1.29667,0.0,0,1743106724152,134,0.0
1743106726,1.29658,1.29666,0.0,0,1743106726132,4,0.0
1743106728,1.29657,1.29665,0.0,0,1743106728114,134,0.0
1743106728,1.29658,1.29666,0.0,0,1743106728445,134,0.0
1743106729,1.29653,1.29661,0.0,0,1743106729765,134,0.0
1743106730,1.29653,1.2966199999999999,0.0,0,1743106730093,4,0.0
1743106731,1.29653,1.29661,0.0,0,1743106731083,4,0.0
1743106731,1.29654,1.2966199999999999,0.0,0,1743106731743,134,0.0
1743106732,1.29653,1.29661,0.0,0,1743106732073,134,0.0
1743106734,1.2965200000000001,1.2966,0.0,0,1743106734383,134,0.0
1743106735,1.29653,1.2966,0.0,0,1743106735044,130,0.0
1743106740,1.29654,1.2966,0.0,0,1743106740323,130,0.0
1743106741,1.2965499999999999,1.29661,0.0,0,1743106741642,134,0.0
1743106742,1.2965900000000001,1.29665,0.0,0,1743106742960,134,0.0
1743106743,1.29657,1.29665,0.0,0,1743106743296,130,0.0
1743106745,1.29658,1.29665,0.0,0,1743106745274,130,0.0
1743106747,1.29657,1.29664,0.0,0,1743106747915,134,0.0
1743106748,1.29658,1.29665,0.0,0,1743106748245,134,0.0
1743106750,1.29658,1.29664,0.0,0,1743106750222,4,0.0
1743106750,1.2966,1.29666,0.0,0,1743106750550,134,0.0
1743106750,1.29657,1.29663,0.0,0,1743106750882,134,0.0
1743106751,1.29656,1.29663,0.0,0,1743106751211,130,0.0
1743106751,1.29657,1.29664,0.0,0,1743106751875,134,0.0
1743106753,1.29658,1.29664,0.0,0,1743106753192,130,0.0
1743106755,1.2966,1.29666,0.0,0,1743106755174,134,0.0
1743106757,1.2965900000000001,1.29665,0.0,0,1743106757150,134,0.0
1743106757,1.2966,1.29666,0.0,0,1743106757486,134,0.0
1743106757,1.2965900000000001,1.29665,0.0,0,1743106757812,134,0.0
1743106759,1.2966,1.29666,0.0,0,1743106759134,134,0.0
1743106759,1.29661,1.29667,0.0,0,1743106759463,134,0.0
1743106760,1.2966,1.29666,0.0,0,1743106760781,134,0.0
1743106761,1.2965900000000001,1.29665,0.0,0,1743106761772,134,0.0
1743106762,1.2966,1.29666,0.0,0,1743106762101,134,0.0
1743106762,1.29654,1.2966,0.0,0,1743106762770,134,0.0
1743106763,1.29649,1.29658,0.0,0,1743106763092,134,0.0
1743106767,1.2965,1.2965900000000001,0.0,0,1743106767385,134,0.0
1743106768,1.29649,1.29658,0.0,0,1743106768046,134,0.0
1743106769,1.2965,1.2965900000000001,0.0,0,1743106769362,134,0.0
1743106770,1.29651,1.2966,0.0,0,1743106770023,134,0.0
1743106771,1.2965200000000001,1.2966,0.0,0,1743106771343,130,0.0
1743106773,1.29651,1.2965900000000001,0.0,0,1743106773985,134,0.0
1743106774,1.2965200000000001,1.2965900000000001,0.0,0,1743106774313,130,0.0
1743106774,1.29649,1.29656,0.0,0,1743106774972,134,0.0
1743106775,1.29648,1.29656,0.0,0,1743106775303,130,0.0
1743106777,1.29648,1.2965499999999999,0.0,0,1743106777282,4,0.0
1743106779,1.29649,1.29656,0.0,0,1743106779590,134,0.0
1743106779,1.2965,1.29657,0.0,0,1743106779923,134,0.0
1743106781,1.29648,1.2965499999999999,0.0,0,1743106781243,134,0.0
1743106781,1.29649,1.29656,0.0,0,1743106781573,134,0.0
1743106781,1.29648,1.2965499999999999,0.0,0,1743106781901,134,0.0
1743106782,1.29649,1.29656,0.0,0,1743106782230,134,0.0
1743106782,1.2965,1.29657,0.0,0,1743106782890,134,0.0
1743106784,1.29649,1.29656,0.0,0,1743106784210,134,0.0
1743106784,1.2965,1.29657,0.0,0,1743106784539,134,0.0
1743106784,1.29649,1.29656,0.0,0,1743106784872,134,0.0
1743106785,1.2965,1.29656,0.0,0,1743106785203,130,0.0
1743106786,1.29653,1.2966,0.0,0,1743106786191,134,0.0
1743106788,1.29654,1.2966,0.0,0,1743106788172,130,0.0
1743106789,1.29653,1.2965900000000001,0.0,0,1743106789491,134,0.0
1743106790,1.29657,1.29666,0.0,0,1743106790155,134,0.0
1743106790,1.29658,1.29667,0.0,0,1743106790812,134,0.0
1743106791,1.2965900000000001,1.29667,0.0,0,1743106791141,130,0.0
1743106791,1.29656,1.29664,0.0,0,1743106791803,134,0.0
1743106792,1.29656,1.29665,0.0,0,1743106792134,4,0.0
1743106793,1.29657,1.29665,0.0,0,1743106793125,130,0.0
1743106793,1.29656,1.29664,0.0,0,1743106793453,134,0.0
1743106793,1.29658,1.29666,0.0,0,1743106793791,134,0.0
1743106794,1.2966,1.29668,0.0,0,1743106794777,134,0.0
1743106795,1.2966,1.29667,0.0,0,1743106795105,4,0.0
1743106795,1.29661,1.29668,0.0,0,1743106795437,134,0.0
1743106796,1.2966,1.29667,0.0,0,1743106796754,134,0.0
1743106798,1.29661,1.29668,0.0,0,1743106798732,134,0.0
1743106799,1.29661,1.29667,0.0,0,1743106799063,4,0.0
1743106800,1.29661,1.29667,0.0,0,1743106800059,130,0.0
1743106801,1.2966199999999999,1.29668,0.0,0,1743106801705,134,0.0
1743106802,1.2966,1.29666,0.0,0,1743106802365,134,0.0
1743106803,1.29658,1.29665,0.0,0,1743106803350,134,0.0
1743106803,1.2965900000000001,1.29666,0.0,0,1743106803681,134,0.0
1743106804,1.2965900000000001,1.29665,0.0,0,1743106804342,4,0.0
1743106804,1.2965499999999999,1.29661,0.0,0,1743106804672,134,0.0
1743106805,1.29653,1.29661,0.0,0,1743106805334,130,0.0
1743106806,1.2965200000000001,1.2966,0.0,0,1743106806656,134,0.0
1743106807,1.2965200000000001,1.2965900000000001,0.0,0,1743106807314,4,0.0
1743106807,1.29653,1.2966,0.0,0,1743106807971,134,0.0
1743106811,1.29653,1.2965900000000001,0.0,0,1743106811270,4,0.0
1743106811,1.29654,1.2966,0.0,0,1743106811604,134,0.0
1743106816,1.29651,1.29657,0.0,0,1743106816884,134,0.0
1743106817,1.2965,1.29657,0.0,0,1743106817212,130,0.0
1743106817,1.29649,1.29656,0.0,0,1743106817873,134,0.0
1743106819,1.2965,1.29656,0.0,0,1743106819190,130,0.0
1743106820,1.29649,1.2965499999999999,0.0,0,1743106820183,134,0.0
1743106821,1.2965,1.29656,0.0,0,1743106821176,134,0.0
1743106823,1.29649,1.2965499999999999,0.0,0,1743106823485,134,0.0
1743106824,1.29645,1.29651,0.0,0,1743106824803,134,0.0
1743106825,1.29643,1.2965200000000001,0.0,0,1743106825134,134,0.0
1743106825,1.29644,1.29653,0.0,0,1743106825470,134,0.0
1743106827,1.29644,1.2965200000000001,0.0,0,1743106827112,4,0.0
1743106827,1.29645,1.29653,0.0,0,1743106827773,134,0.0
1743106827,1.29644,1.2965200000000001,0.0,0,1743106827787,134,0.0
1743106829,1.2964,1.29648,0.0,0,1743106829090,134,0.0
1743106829,1.29639,1.29647,0.0,0,1743106829422,134,0.0
1743106830,1.29639,1.29648,0.0,0,1743106830083,4,0.0
1743106830,1.29641,1.2965,0.0,0,1743106830743,134,0.0
1743106830,1.2964,1.29649,0.0,0,1743106830746,134,0.0
1743106831,1.29638,1.29647,0.0,0,1743106831406,134,0.0
1743106833,1.29638,1.29646,0.0,0,1743106833050,4,0.0
1743106835,1.29639,1.29646,0.0,0,1743106835033,130,0.0
1743106835,1.29638,1.29645,0.0,0,1743106835372,134,0.0
1743106835,1.29639,1.29646,0.0,0,1743106835692,134,0.0
1743106836,1.29641,1.29648,0.0,0,1743106836030,134,0.0
1743106837,1.29643,1.2965,0.0,0,1743106837343,134,0.0
1743106839,1.29644,1.29651,0.0,0,1743106839655,134,0.0
1743106840,1.29644,1.2965,0.0,0,1743106840310,4,0.0
1743106840,1.2964,1.29646,0.0,0,1743106840644,134,0.0
1743106842,1.29639,1.29648,0.0,0,1743106842297,134,0.0
1743106844,1.29638,1.29646,0.0,0,1743106844270,134,0.0
1743106844,1.29639,1.29647,0.0,0,1743106844602,134,0.0
1743106844,1.29634,1.29642,0.0,0,1743106844934,134,0.0
1743106845,1.29633,1.29641,0.0,0,1743106845265,134,0.0
1743106846,1.29633,1.29642,0.0,0,1743106846250,4,0.0
1743106846,1.29632,1.29641,0.0,0,1743106846584,134,0.0
1743106846,1.29629,1.29638,0.0,0,1743106846591,134,0.0
1743106849,1.2963,1.29639,0.0,0,1743106849221,134,0.0
1743106850,1.2963,1.29638,0.0,0,1743106850211,4,0.0
1743106850,1.29634,1.29642,0.0,0,1743106850543,134,0.0
1743106851,1.29632,1.2964,0.0,0,1743106851540,134,0.0
1743106851,1.29633,1.29641,0.0,0,1743106851863,134,0.0
1743106852,1.29633,1.29642,0.0,0,1743106852193,4,0.0
1743106856,1.29633,1.29641,0.0,0,1743106856157,4,0.0
1743106856,1.29632,1.2964,0.0,0,1743106856483,134,0.0
1743106857,1.29633,1.2964,0.0,0,1743106857142,130,0.0
1743106859,1.29634,1.2964,0.0,0,1743106859119,130,0.0
1743106860,1.29634,1.2964,0.0,0,1743106860113,130,0.0
1743106860,1.29633,1.29639,0.0,0,1743106860441,134,0.0
1743106860,1.29634,1.2964,0.0,0,1743106860444,134,0.0
1743106860,1.29639,1.29645,0.0,0,1743106860775,134,0.0
1743106861,1.2964,1.29646,0.0,0,1743106861100,134,0.0
1743106861,1.29639,1.29645,0.0,0,1743106861433,134,0.0
1743106862,1.29638,1.29647,0.0,0,1743106862094,134,0.0
1743106863,1.29636,1.29645,0.0,0,1743106863083,134,0.0
1743106863,1.29637,1.29646,0.0,0,1743106863086,134,0.0
1743106863,1.29639,1.29648,0.0,0,1743106863414,134,0.0
1743106866,1.29637,1.29646,0.0,0,1743106866381,134,0.0
1743106867,1.29637,1.29645,0.0,0,1743106867056,4,0.0
1743106867,1.29632,1.2964,0.0,0,1743106867706,134,0.0
1743106869,1.29632,1.29641,0.0,0,1743106869036,4,0.0
1743106869,1.29629,1.29638,0.0,0,1743106869682,134,0.0
1743106874,1.29629,1.29637,0.0,0,1743106874300,4,0.0
1743106875,1.2963,1.29638,0.0,0,1743106875953,134,0.0
1743106876,1.29631,1.29638,0.0,0,1743106876282,130,0.0
1743106878,1.2963,1.29636,0.0,0,1743106878261,134,0.0
1743106879,1.29631,1.29637,0.0,0,1743106879250,134,0.0
1743106884,1.29633,1.29639,0.0,0,1743106884201,134,0.0
1743106885,1.29634,1.2964,0.0,0,1743106885855,134,0.0
1743106886,1.29636,1.29642,0.0,0,1743106886192,134,0.0
1743106887,1.29635,1.29641,0.0,0,1743106887172,134,0.0
1743106888,1.29636,1.29642,0.0,0,1743106888492,134,0.0
1743106888,1.29637,1.29643,0.0,0,1743106888821,134,0.0
1743106889,1.29636,1.29642,0.0,0,1743106889154,134,0.0
1743106893,1.29641,1.29647,0.0,0,1743106893771,134,0.0
1743106894,1.2964,1.29646,0.0,0,1743106894439,134,0.0
1743106894,1.29635,1.29641,0.0,0,1743106894764,134,0.0
1743106895,1.29634,1.29643,0.0,0,1743106895092,134,0.0
1743106896,1.29633,1.29642,0.0,0,1743106896086,134,0.0
1743106902,1.29633,1.29641,0.0,0,1743106902350,4,0.0
1743106903,1.29633,1.2964,0.0,0,1743106903341,4,0.0
1743106903,1.2963,1.29637,0.0,0,1743106903672,134,0.0
1743106904,1.29631,1.29637,0.0,0,1743106904335,130,0.0
1743106904,1.29629,1.29635,0.0,0,1743106904992,134,0.0
1743106905,1.2962799999999999,1.29636,0.0,0,1743106905322,134,0.0
1743106906,1.29629,1.29636,0.0,0,1743106906312,130,0.0
1743106907,1.2963,1.29637,0.0,0,1743106907963,134,0.0
1743106908,1.29632,1.29638,0.0,0,1743106908291,134,0.0
1743106909,1.29631,1.29638,0.0,0,1743106909279,130,0.0
1743106911,1.29632,1.29638,0.0,0,1743106911259,130,0.0
1743106920,1.29632,1.29638,0.0,0,1743106920169,130,0.0
1743106920,1.29633,1.29639,0.0,0,1743106920504,134,0.0
1743106920,1.29632,1.29638,0.0,0,1743106920831,134,0.0
1743106923,1.2963,1.29636,0.0,0,1743106923804,134,0.0
1743106924,1.29631,1.29637,0.0,0,1743106924134,134,0.0
1743106925,1.29632,1.29638,0.0,0,1743106925120,134,0.0
1743106926,1.29633,1.29639,0.0,0,1743106926111,134,0.0
1743106927,1.29632,1.29638,0.0,0,1743106927105,134,0.0
1743106928,1.29629,1.29635,0.0,0,1743106928090,134,0.0
1743106929,1.29623,1.2963,0.0,0,1743106929090,134,0.0
1743106930,1.29622,1.29631,0.0,0,1743106930071,134,0.0
1743106932,1.29618,1.29627,0.0,0,1743106932062,134,0.0
1743106937,1.29613,1.29622,0.0,0,1743106937004,134,0.0
1743106937,1.29617,1.2962500000000001,0.0,0,1743106937331,134,0.0
1743106937,1.29618,1.29626,0.0,0,1743106937664,134,0.0
1743106938,1.29618,1.29627,0.0,0,1743106938321,4,0.0
1743106939,1.29619,1.2962799999999999,0.0,0,1743106939309,134,0.0
1743106939,1.29618,1.29627,0.0,0,1743106939323,134,0.0
1743106939,1.29613,1.29622,0.0,0,1743106939646,134,0.0
1743106940,1.29612,1.2962099999999999,0.0,0,1743106940634,134,0.0
1743106940,1.29613,1.29622,0.0,0,1743106940967,134,0.0
1743106941,1.29612,1.2962099999999999,0.0,0,1743106941626,134,0.0
1743106941,1.29613,1.29622,0.0,0,1743106941960,134,0.0
1743106942,1.29611,1.2962,0.0,0,1743106942279,134,0.0
1743106942,1.29609,1.29618,0.0,0,1743106942287,134,0.0
1743106943,1.29611,1.2962,0.0,0,1743106943269,134,0.0
1743106943,1.29612,1.2962099999999999,0.0,0,1743106943933,134,0.0
1743106944,1.29613,1.29622,0.0,0,1743106944270,134,0.0
1743106944,1.29614,1.29623,0.0,0,1743106944273,134,0.0
1743106944,1.29613,1.29622,0.0,0,1743106944590,134,0.0
1743106946,1.29611,1.2962,0.0,0,1743106946239,134,0.0
1743106947,1.29612,1.2962099999999999,0.0,0,1743106947564,134,0.0
1743106949,1.29612,1.2962,0.0,0,1743106949211,4,0.0
1743106951,1.29613,1.2962,0.0,0,1743106951194,130,0.0
1743106951,1.29614,1.2962099999999999,0.0,0,1743106951519,134,0.0
1743106952,1.29615,1.29622,0.0,0,1743106952184,134,0.0
1743106952,1.2962,1.29627,0.0,0,1743106952844,134,0.0
1743106952,1.2962099999999999,1.2962799999999999,0.0,0,1743106952845,134,0.0
1743106953,1.2962,1.29627,0.0,0,1743106953169,134,0.0
1743106953,1.2962099999999999,1.2962799999999999,0.0,0,1743106953502,134,0.0
1743106954,1.29619,1.2962799999999999,0.0,0,1743106954161,130,0.0
1743106954,1.2962,1.29629,0.0,0,1743106954492,134,0.0
1743106954,1.29619,1.2962799999999999,0.0,0,1743106954823,134,0.0
1743106955,1.2962,1.29629,0.0,0,1743106955152,134,0.0
1743106955,1.29618,1.29627,0.0,0,1743106955483,134,0.0
1743106955,1.29619,1.2962799999999999,0.0,0,1743106955815,134,0.0
1743106956,1.29618,1.29627,0.0,0,1743106956140,134,0.0
1743106957,1.29619,1.2962799999999999,0.0,0,1743106957131,134,0.0
1743106958,1.29619,1.29627,0.0,0,1743106958127,4,0.0
1743106958,1.2962,1.2962799999999999,0.0,0,1743106958782,134,0.0
1743106960,1.2962099999999999,1.2962799999999999,0.0,0,1743106960108,130,0.0
1743106960,1.29624,1.29631,0.0,0,1743106960429,134,0.0
1743106964,1.29624,1.2963,0.0,0,1743106964059,4,0.0
1743106969,1.2962,1.29626,0.0,0,1743106969009,134,0.0
1743106970,1.2962,1.29627,0.0,0,1743106970329,4,0.0
1743106972,1.2962,1.29626,0.0,0,1743106972308,4,0.0
1743106977,1.29624,1.2963,0.0,0,1743106977261,134,0.0
1743106978,1.29622,1.2963,0.0,0,1743106978250,130,0.0
1743106980,1.29622,1.29629,0.0,0,1743106980228,134,0.0
1743106981,1.29623,1.2963,0.0,0,1743106981225,134,0.0
1743106981,1.29622,1.29629,0.0,0,1743106981552,134,0.0
1743106982,1.2962099999999999,1.29627,0.0,0,1743106982209,134,0.0
1743106988,1.29622,1.2962799999999999,0.0,0,1743106988151,134,0.0
1743106990,1.2962099999999999,1.29627,0.0,0,1743106990135,134,0.0
1743106992,1.29622,1.2962799999999999,0.0,0,1743106992444,134,0.0
1743106995,1.2962099999999999,1.29627,0.0,0,1743106995738,134,0.0
1743106996,1.2962,1.29626,0.0,0,1743106996072,134,0.0
1743106996,1.2962099999999999,1.29627,0.0,0,1743106996729,134,0.0
1743106998,1.2962,1.29626,0.0,0,1743106998386,134,0.0
1743107001,1.2962099999999999,1.29627,0.0,0,1743107001680,134,0.0
1743107004,1.29631,1.29637,0.0,0,1743107004318,134,0.0
1743107005,1.29629,1.29638,0.0,0,1743107005310,134,0.0
1743107008,1.2963,1.29639,0.0,0,1743107008610,134,0.0
1743107008,1.29629,1.29638,0.0,0,1743107008938,134,0.0
1743107009,1.2963,1.29639,0.0,0,1743107009269,134,0.0
1743107009,1.29629,1.29638,0.0,0,1743107009277,134,0.0
1743107010,1.2963,1.29639,0.0,0,1743107010259,134,0.0
1743107013,1.2963,1.29638,0.0,0,1743107013232,4,0.0
1743107015,1.29631,1.29638,0.0,0,1743107015211,130,0.0
1743107015,1.29629,1.29636,0.0,0,1743107015869,134,0.0
1743107016,1.2963,1.29637,0.0,0,1743107016530,134,0.0
1743107018,1.2963,1.29636,0.0,0,1743107018181,4,0.0
1743107019,1.29626,1.29632,0.0,0,1743107019838,134,0.0
1743107020,1.29624,1.2963,0.0,0,1743107020162,134,0.0
1743107021,1.29622,1.29631,0.0,0,1743107021148,134,0.0
1743107021,1.29623,1.29632,0.0,0,1743107021481,134,0.0
1743107021,1.29622,1.29631,0.0,0,1743107021495,134,0.0
1743107022,1.2962099999999999,1.2963,0.0,0,1743107022469,134,0.0
1743107022,1.29622,1.29631,0.0,0,1743107022802,134,0.0
1743107023,1.2962099999999999,1.2963,0.0,0,1743107023131,134,0.0
1743107023,1.29622,1.29631,0.0,0,1743107023475,134,0.0
1743107024,1.29622,1.2963,0.0,0,1743107024121,4,0.0
1743107025,1.29623,1.29631,0.0,0,1743107025773,134,0.0
1743107025,1.29622,1.2963,0.0,0,1743107025781,134,0.0
1743107026,1.29623,1.2963,0.0,0,1743107026102,130,0.0
1743107027,1.2962099999999999,1.2962799999999999,0.0,0,1743107027419,134,0.0
1743107029,1.2962099999999999,1.29627,0.0,0,1743107029069,4,0.0
1743107039,1.29622,1.2962799999999999,0.0,0,1743107039630,134,0.0
1743107040,1.29623,1.2963,0.0,0,1743107040289,134,0.0
1743107040,1.29627,1.29634,0.0,0,1743107040953,134,0.0
1743107041,1.29627,1.29633,0.0,0,1743107041283,4,0.0
1743107042,1.29626,1.29634,0.0,0,1743107042276,134,0.0
1743107044,1.2962500000000001,1.29632,0.0,0,1743107044250,134,0.0
1743107045,1.29624,1.29632,0.0,0,1743107045240,130,0.0
1743107045,1.29623,1.29631,0.0,0,1743107045571,134,0.0
1743107047,1.29624,1.29631,0.0,0,1743107047222,130,0.0
1743107049,1.29624,1.2963,0.0,0,1743107049200,4,0.0
1743107049,1.2962500000000001,1.29631,0.0,0,1743107049859,134,0.0
1743107053,1.29627,1.29633,0.0,0,1743107053819,134,0.0
1743107054,1.2962799999999999,1.29634,0.0,0,1743107054151,134,0.0
1743107057,1.29627,1.29633,0.0,0,1743107057124,134,0.0
1743107057,1.2962500000000001,1.29631,0.0,0,1743107057454,134,0.0
1743107057,1.29624,1.2963,0.0,0,1743107057779,134,0.0
1743107058,1.29622,1.29631,0.0,0,1743107058112,134,0.0
1743107060,1.29622,1.2963,0.0,0,1743107060091,4,0.0
1743107061,1.29623,1.2963,0.0,0,1743107061082,130,0.0
1743107063,1.29623,1.29629,0.0,0,1743107063064,4,0.0
1743107065,1.29624,1.2963,0.0,0,1743107065037,134,0.0
1743107066,1.29623,1.29629,0.0,0,1743107066028,134,0.0
1743107066,1.2962099999999999,1.29627,0.0,0,1743107066360,134,0.0
1743107067,1.2962,1.29627,0.0,0,1743107067025,130,0.0
1743107068,1.29619,1.29626,0.0,0,1743107068008,134,0.0
1743107070,1.29619,1.2962500000000001,0.0,0,1743107070322,4,0.0
1743107072,1.2962,1.29626,0.0,0,1743107072633,134,0.0
1743107074,1.29622,1.2962799999999999,0.0,0,1743107074289,134,0.0
1743107074,1.2962099999999999,1.29627,0.0,0,1743107074941,134,0.0
1743107075,1.2962,1.29627,0.0,0,1743107075272,130,0.0
1743107077,1.2962099999999999,1.29627,0.0,0,1743107077249,130,0.0
1743107077,1.29622,1.2962799999999999,0.0,0,1743107077579,134,0.0
1743107078,1.29623,1.29629,0.0,0,1743107078240,134,0.0
1743107078,1.29622,1.2962799999999999,0.0,0,1743107078898,134,0.0
1743107080,1.29623,1.29629,0.0,0,1743107080220,134,0.0
1743107083,1.29622,1.2962799999999999,0.0,0,1743107083521,134,0.0
1743107084,1.29623,1.29629,0.0,0,1743107084512,134,0.0
1743107088,1.29624,1.2963,0.0,0,1743107088467,134,0.0
1743107093,1.29623,1.29629,0.0,0,1743107093418,134,0.0
1743107094,1.29624,1.2963,0.0,0,1743107094407,134,0.0
1743107097,1.2962500000000001,1.29631,0.0,0,1743107097049,134,0.0
1743107100,1.2962,1.29626,0.0,0,1743107100018,134,0.0
1743107101,1.29619,1.2962799999999999,0.0,0,1743107101340,134,0.0
1743107102,1.29618,1.29627,0.0,0,1743107102329,134,0.0
1743107102,1.29617,1.29626,0.0,0,1743107102989,134,0.0
1743107103,1.29619,1.2962799999999999,0.0,0,1743107103981,134,0.0
1743107105,1.29618,1.29627,0.0,0,1743107105311,134,0.0
1743107106,1.29619,1.2962799999999999,0.0,0,1743107106618,134,0.0
1743107107,1.29618,1.29626,0.0,0,1743107107279,134,0.0
1743107107,1.29612,1.2962,0.0,0,1743107107941,134,0.0
1743107109,1.29612,1.2962099999999999,0.0,0,1743107109258,4,0.0
1743107109,1.2961,1.29619,0.0,0,1743107109918,134,0.0
1743107110,1.29609,1.29618,0.0,0,1743107110580,134,0.0
1743107111,1.2961,1.29619,0.0,0,1743107111237,134,0.0
1743107114,1.29609,1.29618,0.0,0,1743107114538,134,0.0
1743107116,1.29609,1.29617,0.0,0,1743107116190,4,0.0
1743107118,1.2961,1.29617,0.0,0,1743107118171,130,0.0
1743107119,1.29609,1.29616,0.0,0,1743107119489,134,0.0
1743107120,1.2961,1.29617,0.0,0,1743107120482,134,0.0
1743107120,1.29609,1.29616,0.0,0,1743107120809,134,0.0
1743107123,1.29609,1.29615,0.0,0,1743107123125,4,0.0
1743107125,1.2961,1.29616,0.0,0,1743107125100,134,0.0
1743107125,1.29611,1.29617,0.0,0,1743107125429,134,0.0
1743107126,1.29611,1.29618,0.0,0,1743107126088,4,0.0
1743107127,1.2961,1.29617,0.0,0,1743107127077,134,0.0
1743107128,1.29611,1.29617,0.0,0,1743107128075,130,0.0
1743107128,1.2961,1.29616,0.0,0,1743107128733,134,0.0
1743107129,1.29611,1.29617,0.0,0,1743107129062,134,0.0
1743107129,1.2961,1.29616,0.0,0,1743107129389,134,0.0
1743107130,1.29609,1.29615,0.0,0,1743107130378,134,0.0
1743107130,1.29607,1.29613,0.0,0,1743107130706,134,0.0
1743107131,1.29607,1.29614,0.0,0,1743107131041,4,0.0
1743107131,1.29604,1.29611,0.0,0,1743107131701,134,0.0
1743107132,1.29603,1.2961,0.0,0,1743107132031,134,0.0
1743107132,1.29602,1.2961,0.0,0,1743107132033,130,0.0
1743107134,1.29603,1.2961,0.0,0,1743107134337,130,0.0
1743107138,1.29604,1.2961,0.0,0,1743107138299,130,0.0
1743107138,1.2960099999999999,1.29607,0.0,0,1743107138629,134,0.0
1743107138,1.29602,1.29608,0.0,0,1743107138958,134,0.0
1743107139,1.29603,1.2961,0.0,0,1743107139290,134,0.0
1743107140,1.29602,1.29611,0.0,0,1743107140279,134,0.0
1743107141,1.29602,1.2961,0.0,0,1743107141269,4,0.0
1743107143,1.29603,1.2961,0.0,0,1743107143250,130,0.0
1743107145,1.2960099999999999,1.29608,0.0,0,1743107145228,134,0.0
1743107146,1.296,1.29608,0.0,0,1743107146221,130,0.0
1743107147,1.2960099999999999,1.29608,0.0,0,1743107147209,130,0.0
1743107149,1.296,1.29607,0.0,0,1743107149858,134,0.0
1743107150,1.2960099999999999,1.29607,0.0,0,1743107150180,130,0.0
1743107151,1.29602,1.29608,0.0,0,1743107151498,134,0.0
1743107152,1.29602,1.29609,0.0,0,1743107152159,4,0.0
1743107152,1.29603,1.2961,0.0,0,1743107152820,134,0.0
1743107153,1.29602,1.29608,0.0,0,1743107153150,134,0.0
1743107153,1.2960099999999999,1.29607,0.0,0,1743107153481,134,0.0
1743107159,1.29602,1.29608,0.0,0,1743107159417,134,0.0
1743107160,1.29602,1.29608,0.0,0,1743107160082,130,0.0
1743107160,1.29603,1.29609,0.0,0,1743107160408,134,0.0
1743107160,1.29602,1.29608,0.0,0,1743107160737,134,0.0
1743107161,1.29604,1.2961,0.0,0,1743107161068,134,0.0
1743107162,1.29603,1.29609,0.0,0,1743107162721,134,0.0
1743107163,1.29604,1.2961,0.0,0,1743107163382,134,0.0
1743107163,1.29603,1.29609,0.0,0,1743107163713,134,0.0
1743107165,1.29602,1.29608,0.0,0,1743107165357,134,0.0
1743107167,1.2960099999999999,1.29607,0.0,0,1743107167339,134,0.0
1743107170,1.29602,1.29608,0.0,0,1743107170636,134,0.0
1743107170,1.2960099999999999,1.29607,0.0,0,1743107170966,134,0.0
1743107171,1.29602,1.29608,0.0,0,1743107171633,134,0.0
1743107171,1.29603,1.29609,0.0,0,1743107171959,134,0.0
1743107175,1.29608,1.29614,0.0,0,1743107175589,134,0.0
1743107176,1.29606,1.29615,0.0,0,1743107176249,134,0.0
1743107178,1.29607,1.29616,0.0,0,1743107178557,134,0.0
1743107179,1.29606,1.29615,0.0,0,1743107179219,134,0.0
1743107180,1.29605,1.29614,0.0,0,1743107180207,134,0.0
1743107180,1.29606,1.29615,0.0,0,1743107180219,134,0.0
1743107180,1.29605,1.29614,0.0,0,1743107180540,134,0.0
1743107181,1.29605,1.29613,0.0,0,1743107181199,4,0.0
1743107181,1.29606,1.29614,0.0,0,1743107181529,134,0.0
1743107181,1.29607,1.29615,0.0,0,1743107181857,134,0.0
1743107183,1.29608,1.29616,0.0,0,1743107183526,134,0.0
1743107183,1.2961,1.29618,0.0,0,1743107183838,134,0.0
1743107186,1.29603,1.29611,0.0,0,1743107186808,134,0.0
1743107187,1.29603,1.29612,0.0,0,1743107187144,4,0.0
1743107187,1.29604,1.29613,0.0,0,1743107187468,134,0.0
1743107189,1.29609,1.29618,0.0,0,1743107189119,134,0.0
1743107189,1.29603,1.29612,0.0,0,1743107189446,134,0.0
1743107189,1.29602,1.29611,0.0,0,1743107189460,134,0.0
1743107189,1.2960099999999999,1.2961,0.0,0,1743107189780,134,0.0
1743107191,1.29602,1.29611,0.0,0,1743107191759,134,0.0
1743107195,1.29602,1.2961,0.0,0,1743107195057,4,0.0
1743107198,1.29603,1.2961,0.0,0,1743107198030,130,0.0
1743107200,1.29603,1.29609,0.0,0,1743107200339,4,0.0
1743107210,1.29604,1.2961,0.0,0,1743107210239,134,0.0
1743107210,1.29603,1.29609,0.0,0,1743107210571,134,0.0
1743107211,1.29604,1.2961,0.0,0,1743107211888,134,0.0
1743107212,1.2960099999999999,1.29607,0.0,0,1743107212221,134,0.0
1743107212,1.29602,1.29608,0.0,0,1743107212549,134,0.0
1743107213,1.2959800000000001,1.29604,0.0,0,1743107213215,134,0.0
1743107213,1.29595,1.2960099999999999,0.0,0,1743107213218,134,0.0
1743107213,1.29593,1.29599,0.0,0,1743107213543,134,0.0
1743107213,1.29595,1.2960099999999999,0.0,0,1743107213870,134,0.0
1743107214,1.29596,1.29605,0.0,0,1743107214202,134,0.0
1743107214,1.29597,1.29606,0.0,0,1743107214527,134,0.0
1743107214,1.29596,1.29605,0.0,0,1743107214861,134,0.0
1743107215,1.29597,1.29606,0.0,0,1743107215518,134,0.0
1743107215,1.29596,1.29605,0.0,0,1743107215523,134,0.0
1743107216,1.29597,1.29606,0.0,0,1743107216176,134,0.0
1743107216,1.29596,1.29605,0.0,0,1743107216193,134,0.0
1743107216,1.2959399999999999,1.29603,0.0,0,1743107216508,134,0.0
1743107217,1.29595,1.29604,0.0,0,1743107217168,134,0.0
1743107220,1.2959399999999999,1.29603,0.0,0,1743107220135,134,0.0
1743107220,1.29593,1.29602,0.0,0,1743107220466,134,0.0
1743107221,1.2959399999999999,1.29603,0.0,0,1743107221785,134,0.0
1743107222,1.29596,1.29605,0.0,0,1743107222122,134,0.0
1743107223,1.2959399999999999,1.29603,0.0,0,1743107223109,134,0.0
1743107223,1.29593,1.29602,0.0,0,1743107223112,134,0.0
1743107223,1.29592,1.2960099999999999,0.0,0,1743107223436,134,0.0
1743107225,1.2959100000000001,1.296,0.0,0,1743107225087,134,0.0
1743107225,1.29592,1.2960099999999999,0.0,0,1743107225416,134,0.0
1743107226,1.2959100000000001,1.296,0.0,0,1743107226408,134,0.0
1743107227,1.2959100000000001,1.29599,0.0,0,1743107227068,4,0.0
1743107228,1.29596,1.29604,0.0,0,1743107228723,134,0.0
1743107228,1.29595,1.29603,0.0,0,1743107228725,134,0.0
1743107229,1.29595,1.29604,0.0,0,1743107229048,4,0.0
1743107229,1.2959399999999999,1.29603,0.0,0,1743107229709,134,0.0
1743107230,1.29593,1.29602,0.0,0,1743107230037,134,0.0
1743107230,1.29597,1.29606,0.0,0,1743107230371,134,0.0
1743107230,1.29599,1.29608,0.0,0,1743107230697,134,0.0
1743107231,1.29597,1.29606,0.0,0,1743107231029,134,0.0
1743107231,1.29596,1.29605,0.0,0,1743107231370,134,0.0
1743107231,1.29597,1.29606,0.0,0,1743107231689,134,0.0
1743107233,1.29599,1.29608,0.0,0,1743107233016,134,0.0
1743107233,1.296,1.29609,0.0,0,1743107233999,134,0.0
1743107234,1.296,1.29608,0.0,0,1743107234329,4,0.0
1743107234,1.2960099999999999,1.29609,0.0,0,1743107234658,134,0.0
1743107235,1.29599,1.29607,0.0,0,1743107235650,134,0.0
1743107235,1.2959800000000001,1.29606,0.0,0,1743107235982,134,0.0
1743107236,1.29595,1.29604,0.0,0,1743107236308,134,0.0
1743107236,1.29596,1.29605,0.0,0,1743107236321,134,0.0
1743107237,1.29595,1.29604,0.0,0,1743107237300,134,0.0
1743107238,1.29596,1.29605,0.0,0,1743107238288,134,0.0
1743107239,1.29597,1.29605,0.0,0,1743107239282,130,0.0
1743107239,1.29596,1.29604,0.0,0,1743107239606,134,0.0
1743107240,1.29593,1.2960099999999999,0.0,0,1743107240599,134,0.0
1743107241,1.2959399999999999,1.29602,0.0,0,1743107241917,134,0.0
1743107242,1.29592,1.296,0.0,0,1743107242581,134,0.0
1743107242,1.29593,1.2960099999999999,0.0,0,1743107242907,134,0.0
1743107243,1.2959399999999999,1.29602,0.0,0,1743107243565,134,0.0
1743107244,1.29593,1.2960099999999999,0.0,0,1743107244557,134,0.0
1743107244,1.2959399999999999,1.29602,0.0,0,1743107244888,134,0.0
1743107245,1.2959399999999999,1.2960099999999999,0.0,0,1743107245218,4,0.0
1743107247,1.2959800000000001,1.29605,0.0,0,1743107247526,134,0.0
1743107248,1.296,1.29609,0.0,0,1743107248188,134,0.0
1743107248,1.29599,1.29608,0.0,0,1743107248848,134,0.0
1743107249,1.2959800000000001,1.29607,0.0,0,1743107249506,134,0.0
1743107251,1.2959800000000001,1.29606,0.0,0,1743107251157,4,0.0
1743107253,1.2959399999999999,1.2960099999999999,0.0,0,1743107253139,134,0.0
1743107254,1.29592,1.2960099999999999,0.0,0,1743107254127,130,0.0
1743107257,1.29592,1.296,0.0,0,1743107257098,4,0.0
1743107259,1.29593,1.296,0.0,0,1743107259077,130,0.0
1743107261,1.29588,1.29595,0.0,0,1743107261722,134,0.0
1743107262,1.29588,1.29596,0.0,0,1743107262047,4,0.0
1743107262,1.29587,1.29595,0.0,0,1743107262714,134,0.0
1743107263,1.29588,1.29595,0.0,0,1743107263040,130,0.0
1743107266,1.29589,1.29596,0.0,0,1743107266006,134,0.0
1743107268,1.2959,1.29596,0.0,0,1743107268318,130,0.0
1743107270,1.29589,1.29595,0.0,0,1743107270625,134,0.0
1743107271,1.29586,1.29592,0.0,0,1743107271619,134,0.0
1743107271,1.29588,1.2959399999999999,0.0,0,1743107271948,134,0.0
1743107272,1.29587,1.29593,0.0,0,1743107272282,134,0.0
1743107273,1.29588,1.2959399999999999,0.0,0,1743107273269,134,0.0
1743107275,1.2959,1.29596,0.0,0,1743107275577,134,0.0
1743107276,1.29589,1.29595,0.0,0,1743107276246,134,0.0
1743107278,1.29588,1.2959399999999999,0.0,0,1743107278877,134,0.0
1743107279,1.29586,1.29593,0.0,0,1743107279206,134,0.0
1743107280,1.29587,1.2959399999999999,0.0,0,1743107280198,134,0.0
1743107280,1.29586,1.29593,0.0,0,1743107280529,134,0.0
1743107280,1.29582,1.29589,0.0,0,1743107280861,134,0.0
1743107281,1.29583,1.2959,0.0,0,1743107281186,134,0.0
1743107284,1.29583,1.29589,0.0,0,1743107284159,4,0.0
1743107291,1.29578,1.29585,0.0,0,1743107291086,134,0.0
1743107291,1.29576,1.29583,0.0,0,1743107291417,134,0.0
1743107291,1.29577,1.29584,0.0,0,1743107291747,134,0.0
1743107291,1.29578,1.29585,0.0,0,1743107291749,134,0.0
1743107292,1.29579,1.29586,0.0,0,1743107292081,134,0.0
1743107292,1.2958,1.29587,0.0,0,1743107292410,134,0.0
1743107293,1.29577,1.29584,0.0,0,1743107293070,134,0.0
1743107294,1.29578,1.29584,0.0,0,1743107294058,130,0.0
1743107295,1.29579,1.29585,0.0,0,1743107295375,134,0.0
1743107297,1.29578,1.29584,0.0,0,1743107297361,134,0.0
1743107297,1.2958,1.29586,0.0,0,1743107297689,134,0.0
1743107300,1.29582,1.29588,0.0,0,1743107300659,134,0.0
1743107300,1.29584,1.2959,0.0,0,1743107300991,134,0.0
1743107301,1.29582,1.2959,0.0,0,1743107301318,130,0.0
1743107304,1.29583,1.2959,0.0,0,1743107304287,130,0.0
1743107304,1.29582,1.29589,0.0,0,1743107304619,134,0.0
1743107307,1.29583,1.2959,0.0,0,1743107307917,134,0.0
1743107308,1.29583,1.29589,0.0,0,1743107308246,4,0.0
1743107309,1.29582,1.29588,0.0,0,1743107309565,134,0.0
1743107315,1.29583,1.29589,0.0,0,1743107315176,134,0.0
1743107319,1.29582,1.29588,0.0,0,1743107319464,134,0.0
1743107321,1.29581,1.29587,0.0,0,1743107321132,134,0.0
1743107321,1.2958,1.29586,0.0,0,1743107321446,134,0.0
1743107323,1.2958,1.29587,0.0,0,1743107323095,4,0.0
1743107324,1.29581,1.29587,0.0,0,1743107324085,130,0.0
1743107324,1.2958,1.29586,0.0,0,1743107324418,134,0.0
1743107325,1.29579,1.29585,0.0,0,1743107325417,134,0.0
1743107325,1.2958,1.29586,0.0,0,1743107325739,134,0.0
1743107327,1.29579,1.29585,0.0,0,1743107327393,134,0.0
1743107329,1.2958,1.29586,0.0,0,1743107329369,134,0.0
1743107331,1.29583,1.29589,0.0,0,1743107331679,134,0.0
1743107333,1.29581,1.29589,0.0,0,1743107333327,130,0.0
1743107335,1.29582,1.29589,0.0,0,1743107335307,130,0.0
1743107339,1.29583,1.2959,0.0,0,1743107339268,134,0.0
1743107339,1.29582,1.29589,0.0,0,1743107339599,134,0.0
1743107340,1.2958,1.29587,0.0,0,1743107340258,134,0.0
1743107341,1.29581,1.29587,0.0,0,1743107341251,130,0.0
1743107342,1.29583,1.2959100000000001,0.0,0,1743107342238,134,0.0
1743107342,1.29582,1.2959,0.0,0,1743107342570,134,0.0
1743107342,1.2958,1.29588,0.0,0,1743107342897,134,0.0
1743107343,1.29582,1.2959100000000001,0.0,0,1743107343227,134,0.0
1743107343,1.29581,1.2959,0.0,0,1743107343887,134,0.0
1743107343,1.2958,1.29589,0.0,0,1743107343898,134,0.0
1743107344,1.29579,1.29588,0.0,0,1743107344547,134,0.0
1743107344,1.2958,1.29589,0.0,0,1743107344876,134,0.0
1743107345,1.29582,1.2959100000000001,0.0,0,1743107345537,134,0.0
1743107347,1.2958,1.29589,0.0,0,1743107347515,134,0.0
1743107347,1.29579,1.29588,0.0,0,1743107347851,134,0.0
1743107351,1.29578,1.29587,0.0,0,1743107351480,134,0.0
1743107351,1.29577,1.29586,0.0,0,1743107351807,134,0.0
1743107352,1.29577,1.29585,0.0,0,1743107352141,4,0.0
1743107353,1.29577,1.29586,0.0,0,1743107353126,4,0.0
1743107353,1.29578,1.29587,0.0,0,1743107353456,134,0.0
1743107354,1.29578,1.29586,0.0,0,1743107354117,4,0.0
1743107356,1.29571,1.29579,0.0,0,1743107356428,134,0.0
1743107358,1.29571,1.2958,0.0,0,1743107358079,4,0.0
1743107358,1.29569,1.29578,0.0,0,1743107358407,134,0.0
1743107359,1.2956699999999999,1.29576,0.0,0,1743107359069,134,0.0
1743107359,1.29568,1.29577,0.0,0,1743107359402,134,0.0
1743107361,1.29569,1.29578,0.0,0,1743107361377,134,0.0
1743107363,1.29568,1.29577,0.0,0,1743107363028,134,0.0
1743107364,1.29569,1.29578,0.0,0,1743107364019,134,0.0
1743107364,1.2957,1.29579,0.0,0,1743107364344,134,0.0
1743107365,1.29571,1.2958,0.0,0,1743107365337,134,0.0
1743107366,1.29566,1.29575,0.0,0,1743107366986,134,0.0
1743107367,1.2956699999999999,1.29575,0.0,0,1743107367317,130,0.0
1743107367,1.29568,1.29576,0.0,0,1743107367647,134,0.0
1743107368,1.29568,1.29577,0.0,0,1743107368308,4,0.0
1743107369,1.29569,1.29578,0.0,0,1743107369629,134,0.0
1743107369,1.2956699999999999,1.29576,0.0,0,1743107369959,134,0.0
1743107371,1.29568,1.29576,0.0,0,1743107371279,130,0.0
1743107374,1.29569,1.29576,0.0,0,1743107374251,130,0.0
1743107374,1.2957,1.29577,0.0,0,1743107374575,134,0.0
1743107375,1.29572,1.29579,0.0,0,1743107375235,134,0.0
1743107375,1.2957,1.29577,0.0,0,1743107375898,134,0.0
1743107376,1.29569,1.29577,0.0,0,1743107376225,130,0.0
1743107377,1.29569,1.29578,0.0,0,1743107377219,4,0.0
1743107378,1.29569,1.29577,0.0,0,1743107378205,4,0.0
1743107378,1.29568,1.29576,0.0,0,1743107378867,134,0.0
1743107379,1.29569,1.29577,0.0,0,1743107379207,134,0.0
1743107381,1.2957,1.29577,0.0,0,1743107381177,130,0.0
1743107384,1.2957,1.29576,0.0,0,1743107384147,4,0.0
1743107385,1.29573,1.29579,0.0,0,1743107385474,134,0.0
1743107385,1.29572,1.29578,0.0,0,1743107385798,134,0.0
1743107390,1.2958,1.29586,0.0,0,1743107390084,134,0.0
1743107391,1.29578,1.29587,0.0,0,1743107391081,134,0.0
1743107397,1.29578,1.29586,0.0,0,1743107397351,4,0.0
1743107399,1.29579,1.29586,0.0,0,1743107399327,130,0.0
1743107400,1.29579,1.29586,0.0,0,1743107400318,130,0.0
1743107400,1.2958,1.29587,0.0,0,1743107400974,134,0.0
1743107402,1.2958,1.29586,0.0,0,1743107402311,4,0.0
1743107406,1.29579,1.29585,0.0,0,1743107406585,134,0.0
1743107406,1.2958,1.29586,0.0,0,1743107406918,134,0.0
1743107408,1.29577,1.29583,0.0,0,1743107408899,134,0.0
1743107409,1.2958,1.29586,0.0,0,1743107409555,134,0.0
1743107410,1.29578,1.29586,0.0,0,1743107410218,130,0.0
1743107411,1.29579,1.29588,0.0,0,1743107411203,134,0.0
1743107412,1.29579,1.29587,0.0,0,1743107412197,4,0.0
1743107413,1.29577,1.29585,0.0,0,1743107413188,134,0.0
1743107413,1.29578,1.29586,0.0,0,1743107413514,134,0.0
1743107415,1.29579,1.29586,0.0,0,1743107415165,130,0.0
1743107418,1.29579,1.29585,0.0,0,1743107418136,4,0.0
1743107420,1.29573,1.29579,0.0,0,1743107420117,134,0.0
1743107420,1.29575,1.29581,0.0,0,1743107420452,134,0.0
1743107421,1.29573,1.29582,0.0,0,1743107421107,134,0.0
1743107423,1.29571,1.2958,0.0,0,1743107423085,134,0.0
1743107425,1.29572,1.29581,0.0,0,1743107425067,134,0.0
1743107425,1.29571,1.2958,0.0,0,1743107425723,134,0.0
1743107426,1.29569,1.29578,0.0,0,1743107426057,134,0.0
1743107427,1.29568,1.29577,0.0,0,1743107427047,134,0.0
1743107427,1.29565,1.29574,0.0,0,1743107427375,134,0.0
1743107429,1.29562,1.29571,0.0,0,1743107429028,134,0.0
1743107430,1.2956400000000001,1.29573,0.0,0,1743107430346,134,0.0
1743107431,1.29563,1.29572,0.0,0,1743107431996,134,0.0
1743107432,1.29565,1.29574,0.0,0,1743107432655,134,0.0
1743107432,1.2956699999999999,1.29576,0.0,0,1743107432664,134,0.0
1743107432,1.29565,1.29574,0.0,0,1743107432989,134,0.0
1743107433,1.29565,1.29573,0.0,0,1743107433316,4,0.0
1743107433,1.29566,1.29574,0.0,0,1743107433648,134,0.0
1743107435,1.2956699999999999,1.29575,0.0,0,1743107435298,134,0.0
1743107437,1.29568,1.29575,0.0,0,1743107437276,130,0.0
1743107437,1.2956699999999999,1.29574,0.0,0,1743107437603,134,0.0
1743107439,1.2956699999999999,1.29573,0.0,0,1743107439255,4,0.0
1743107440,1.29568,1.29574,0.0,0,1743107440904,134,0.0
1743107441,1.2956699999999999,1.29573,0.0,0,1743107441236,134,0.0
1743107442,1.29569,1.29575,0.0,0,1743107442558,134,0.0
1743107442,1.2957,1.29576,0.0,0,1743107442887,134,0.0
1743107443,1.2956400000000001,1.2957,0.0,0,1743107443548,134,0.0
1743107443,1.29562,1.29568,0.0,0,1743107443878,134,0.0
1743107444,1.29561,1.29568,0.0,0,1743107444208,130,0.0
1743107445,1.2955999999999999,1.29569,0.0,0,1743107445199,134,0.0
1743107446,1.29561,1.2957,0.0,0,1743107446185,134,0.0
1743107446,1.2955999999999999,1.29569,0.0,0,1743107446201,134,0.0
1743107446,1.29561,1.2957,0.0,0,1743107446845,134,0.0
1743107447,1.29562,1.29571,0.0,0,1743107447174,134,0.0
1743107450,1.2955999999999999,1.29569,0.0,0,1743107450148,134,0.0
1743107450,1.29561,1.2957,0.0,0,1743107450476,134,0.0
1743107451,1.2955999999999999,1.29569,0.0,0,1743107451796,134,0.0
1743107453,1.29559,1.2956699999999999,0.0,0,1743107453118,134,0.0
1743107455,1.2955999999999999,1.2956699999999999,0.0,0,1743107455100,130,0.0
1743107458,1.2955999999999999,1.29566,0.0,0,1743107458066,4,0.0
1743107459,1.29561,1.2956699999999999,0.0,0,1743107459386,134,0.0
1743107460,1.29561,1.2956699999999999,0.0,0,1743107460046,130,0.0
1743107460,1.29558,1.2956400000000001,0.0,0,1743107460380,134,0.0
1743107461,1.29558,1.29565,0.0,0,1743107461035,4,0.0
1743107462,1.29558,1.2956400000000001,0.0,0,1743107462029,4,0.0
1743107463,1.29559,1.29565,0.0,0,1743107463673,134,0.0
1743107467,1.29554,1.2955999999999999,0.0,0,1743107467305,134,0.0
1743107468,1.29553,1.29561,0.0,0,1743107468298,134,0.0
1743107471,1.29553,1.2955999999999999,0.0,0,1743107471267,4,0.0
1743107471,1.29554,1.29561,0.0,0,1743107471928,134,0.0
1743107474,1.29553,1.2955999999999999,0.0,0,1743107474568,134,0.0
1743107474,1.29554,1.29561,0.0,0,1743107474895,134,0.0
1743107475,1.29553,1.29559,0.0,0,1743107475231,134,0.0
1743107475,1.29552,1.29558,0.0,0,1743107475556,134,0.0
1743107475,1.29553,1.29559,0.0,0,1743107475885,134,0.0
1743107476,1.29554,1.2955999999999999,0.0,0,1743107476879,134,0.0
1743107479,1.29553,1.29559,0.0,0,1743107479515,134,0.0
1743107481,1.29552,1.29558,0.0,0,1743107481495,134,0.0
1743107481,1.29556,1.29562,0.0,0,1743107481830,134,0.0
1743107482,1.29554,1.2955999999999999,0.0,0,1743107482813,134,0.0
1743107483,1.29552,1.2955999999999999,0.0,0,1743107483145,130,0.0
1743107484,1.29552,1.29561,0.0,0,1743107484137,4,0.0
1743107485,1.29552,1.2955999999999999,0.0,0,1743107485124,4,0.0
1743107487,1.29553,1.2955999999999999,0.0,0,1743107487105,130,0.0
1743107489,1.29553,1.29559,0.0,0,1743107489087,4,0.0
1743107489,1.29554,1.2955999999999999,0.0,0,1743107489415,134,0.0
1743107489,1.29555,1.29561,0.0,0,1743107489744,134,0.0
1743107490,1.29553,1.29559,0.0,0,1743107490735,134,0.0
1743107492,1.29551,1.29557,0.0,0,1743107492714,134,0.0
1743107493,1.29552,1.29558,0.0,0,1743107493376,134,0.0
1743107494,1.29551,1.29557,0.0,0,1743107494035,134,0.0
1743107496,1.2955,1.29556,0.0,0,1743107496344,134,0.0
1743107497,1.29551,1.29557,0.0,0,1743107497662,134,0.0
1743107498,1.29552,1.29558,0.0,0,1743107498326,134,0.0
1743107500,1.29551,1.29557,0.0,0,1743107500303,134,0.0
1743107503,1.2955,1.29556,0.0,0,1743107503603,134,0.0
1743107503,1.29551,1.29557,0.0,0,1743107503932,134,0.0
1743107504,1.2955,1.29556,0.0,0,1743107504923,134,0.0
1743107505,1.29551,1.29557,0.0,0,1743107505253,134,0.0
1743107505,1.29552,1.29558,0.0,0,1743107505583,134,0.0
1743107505,1.29551,1.29557,0.0,0,1743107505918,134,0.0
1743107506,1.2955,1.29556,0.0,0,1743107506576,134,0.0
1743107506,1.2955,1.29557,0.0,0,1743107506635,4,0.0
1743107508,1.29549,1.29556,0.0,0,1743107508238,134,0.0
1743107510,1.29549,1.29555,0.0,0,1743107510209,4,0.0
1743107510,1.2955,1.29556,0.0,0,1743107510865,134,0.0
1743107511,1.29549,1.29555,0.0,0,1743107511854,134,0.0
1743107513,1.2955,1.29556,0.0,0,1743107513176,134,0.0
1743107516,1.29551,1.29557,0.0,0,1743107516474,134,0.0
1743107520,1.29551,1.29557,0.0,0,1743107520104,130,0.0
1743107520,1.29562,1.29568,0.0,0,1743107520447,134,0.0
1743107520,1.2957,1.29576,0.0,0,1743107520763,134,0.0
1743107521,1.29568,1.29577,0.0,0,1743107521094,134,0.0
1743107523,1.29572,1.29581,0.0,0,1743107523733,134,0.0
1743107528,1.29569,1.29578,0.0,0,1743107528027,134,0.0
1743107532,1.29569,1.29577,0.0,0,1743107532315,4,0.0
1743107532,1.29563,1.29571,0.0,0,1743107532645,134,0.0
1743107534,1.29563,1.29572,0.0,0,1743107534295,4,0.0
1743107536,1.29562,1.2957,0.0,0,1743107536273,134,0.0
1743107536,1.29561,1.29569,0.0,0,1743107536280,134,0.0
1743107536,1.29562,1.2957,0.0,0,1743107536607,134,0.0
1743107538,1.2956699999999999,1.29575,0.0,0,1743107538921,134,0.0
1743107538,1.29566,1.29574,0.0,0,1743107538930,134,0.0
1743107539,1.2956699999999999,1.29574,0.0,0,1743107539246,130,0.0
1743107539,1.29566,1.29573,0.0,0,1743107539575,134,0.0
1743107539,1.2956699999999999,1.29574,0.0,0,1743107539903,134,0.0
1743107540,1.2956400000000001,1.29572,0.0,0,1743107540236,134,0.0
1743107541,1.29562,1.2957,0.0,0,1743107541224,134,0.0
1743107541,1.29561,1.29569,0.0,0,1743107541555,134,0.0
1743107542,1.29562,1.2957,0.0,0,1743107542215,134,0.0
1743107543,1.2956400000000001,1.29571,0.0,0,1743107543204,134,0.0
1743107544,1.29566,1.29573,0.0,0,1743107544194,134,0.0
1743107545,1.29568,1.29575,0.0,0,1743107545515,134,0.0
1743107546,1.29569,1.29576,0.0,0,1743107546509,134,0.0
1743107547,1.2957,1.29577,0.0,0,1743107547825,134,0.0
1743107548,1.29571,1.29578,0.0,0,1743107548155,134,0.0
1743107550,1.2957,1.29577,0.0,0,1743107550797,134,0.0
1743107553,1.29571,1.29577,0.0,0,1743107553104,130,0.0
1743107553,1.29572,1.29578,0.0,0,1743107553436,134,0.0
1743107554,1.29571,1.29577,0.0,0,1743107554422,134,0.0
1743107557,1.29559,1.29565,0.0,0,1743107557394,134,0.0
1743107558,1.29558,1.2956699999999999,0.0,0,1743107558056,134,0.0
1743107564,1.29558,1.29566,0.0,0,1743107564325,4,0.0
1743107565,1.29562,1.2957,0.0,0,1743107565314,134,0.0
1743107569,1.29563,1.2957,0.0,0,1743107569274,130,0.0
1743107569,1.29562,1.29569,0.0,0,1743107569936,134,0.0
1743107570,1.2956400000000001,1.29571,0.0,0,1743107570264,134,0.0
1743107570,1.29565,1.29572,0.0,0,1743107570594,134,0.0
1743107572,1.29566,1.29573,0.0,0,1743107572245,134,0.0
1743107572,1.29568,1.29575,0.0,0,1743107572575,134,0.0
1743107576,1.29569,1.29575,0.0,0,1743107576206,130,0.0
1743107577,1.29568,1.29574,0.0,0,1743107577195,134,0.0
1743107579,1.29569,1.29575,0.0,0,1743107579832,134,0.0
1743107580,1.2957,1.29576,0.0,0,1743107580165,134,0.0
1743107580,1.29571,1.29577,0.0,0,1743107580829,134,0.0
1743107584,1.2957,1.29576,0.0,0,1743107584125,134,0.0
1743107590,1.29579,1.29585,0.0,0,1743107590064,134,0.0
1743107591,1.29577,1.29586,0.0,0,1743107591055,134,0.0
1743107591,1.29578,1.29587,0.0,0,1743107591714,134,0.0
1743107592,1.29577,1.29586,0.0,0,1743107592044,134,0.0
1743107592,1.29578,1.29587,0.0,0,1743107592051,134,0.0
1743107592,1.29577,1.29586,0.0,0,1743107592373,134,0.0
1743107595,1.29575,1.29584,0.0,0,1743107595342,134,0.0
1743107596,1.29575,1.29583,0.0,0,1743107596335,4,0.0
1743107599,1.2957,1.29577,0.0,0,1743107599303,134,0.0
1743107599,1.29571,1.29578,0.0,0,1743107599313,134,0.0
1743107599,1.29572,1.29579,0.0,0,1743107599634,134,0.0
1743107599,1.29571,1.29578,0.0,0,1743107599963,134,0.0
1743107600,1.2957,1.29578,0.0,0,1743107600292,130,0.0
1743107603,1.29574,1.29581,0.0,0,1743107603262,134,0.0
1743107603,1.29573,1.2958,0.0,0,1743107603597,134,0.0
1743107604,1.29574,1.29581,0.0,0,1743107604912,134,0.0
1743107608,1.29573,1.29579,0.0,0,1743107608216,134,0.0
1743107608,1.29574,1.2958,0.0,0,1743107608549,134,0.0
1743107609,1.29572,1.29578,0.0,0,1743107609868,134,0.0
1743107610,1.29571,1.29577,0.0,0,1743107610195,134,0.0
1743107611,1.2957,1.29577,0.0,0,1743107611184,130,0.0
1743107612,1.29571,1.29578,0.0,0,1743107612504,134,0.0
1743107614,1.29572,1.29578,0.0,0,1743107614151,130,0.0
1743107614,1.29571,1.29577,0.0,0,1743107614819,134,0.0
1743107618,1.29575,1.29581,0.0,0,1743107618445,134,0.0
1743107618,1.29574,1.2958,0.0,0,1743107618772,134,0.0
1743107619,1.29573,1.2958,0.0,0,1743107619106,130,0.0
1743107619,1.29575,1.29582,0.0,0,1743107619762,134,0.0
1743107620,1.2958,1.29587,0.0,0,1743107620100,134,0.0
1743107620,1.29578,1.29585,0.0,0,1743107620755,134,0.0
1743107621,1.29579,1.29586,0.0,0,1743107621083,134,0.0
1743107622,1.29582,1.29589,0.0,0,1743107622403,134,0.0
1743107624,1.29581,1.29588,0.0,0,1743107624716,134,0.0
1743107625,1.2958,1.29587,0.0,0,1743107625045,134,0.0
1743107626,1.29579,1.29587,0.0,0,1743107626034,130,0.0
1743107626,1.29578,1.29586,0.0,0,1743107626375,134,0.0
1743107626,1.29579,1.29587,0.0,0,1743107626693,134,0.0
1743107627,1.2958,1.29587,0.0,0,1743107627041,130,0.0
1743107628,1.29579,1.29586,0.0,0,1743107628014,134,0.0
1743107628,1.2958,1.29587,0.0,0,1743107628346,134,0.0
1743107630,1.2958,1.29586,0.0,0,1743107630323,4,0.0
1743107631,1.29577,1.29583,0.0,0,1743107631315,134,0.0
1743107631,1.2958,1.29586,0.0,0,1743107631642,134,0.0
1743107633,1.29581,1.29587,0.0,0,1743107633954,134,0.0
1743107634,1.2958,1.29586,0.0,0,1743107634944,134,0.0
1743107636,1.29581,1.29587,0.0,0,1743107636264,134,0.0
1743107636,1.29579,1.29585,0.0,0,1743107636922,134,0.0
1743107637,1.2958,1.29586,0.0,0,1743107637915,134,0.0
1743107638,1.29579,1.29585,0.0,0,1743107638903,134,0.0
1743107640,1.29579,1.29585,0.0,0,1743107640225,130,0.0
1743107642,1.29575,1.29581,0.0,0,1743107642532,134,0.0
1743107642,1.29572,1.29578,0.0,0,1743107642864,134,0.0
1743107643,1.2957,1.29579,0.0,0,1743107643193,134,0.0
1743107643,1.29571,1.2958,0.0,0,1743107643856,134,0.0
1743107647,1.29571,1.29579,0.0,0,1743107647155,4,0.0
1743107647,1.29569,1.29577,0.0,0,1743107647486,134,0.0
1743107647,1.29568,1.29576,0.0,0,1743107647488,134,0.0
1743107649,1.29569,1.29577,0.0,0,1743107649135,134,0.0
1743107649,1.29571,1.29579,0.0,0,1743107649465,134,0.0
1743107652,1.29572,1.29579,0.0,0,1743107652105,130,0.0
1743107655,1.29572,1.29578,0.0,0,1743107655075,4,0.0
1743107656,1.29573,1.29579,0.0,0,1743107656061,134,0.0
1743107660,1.29575,1.29581,0.0,0,1743107660355,134,0.0
1743107661,1.29572,1.29578,0.0,0,1743107661341,134,0.0
1743107662,1.29572,1.29579,0.0,0,1743107662332,4,0.0
1743107664,1.29572,1.29578,0.0,0,1743107664311,4,0.0
1743107666,1.29571,1.29577,0.0,0,1743107666625,134,0.0
1743107667,1.2957,1.29576,0.0,0,1743107667283,134,0.0
1743107668,1.29569,1.29575,0.0,0,1743107668275,134,0.0
1743107670,1.2957,1.29576,0.0,0,1743107670590,134,0.0
1743107671,1.29571,1.29577,0.0,0,1743107671242,134,0.0
1743107671,1.29573,1.29579,0.0,0,1743107671576,134,0.0
1743107671,1.29572,1.29578,0.0,0,1743107671905,134,0.0
1743107672,1.29572,1.29579,0.0,0,1743107672233,4,0.0
1743107675,1.29572,1.29578,0.0,0,1743107675204,4,0.0
1743107676,1.2957,1.29576,0.0,0,1743107676521,134,0.0
1743107676,1.29569,1.29575,0.0,0,1743107676852,134,0.0
1743107677,1.29569,1.29576,0.0,0,1743107677182,4,0.0
1743107679,1.29563,1.2957,0.0,0,1743107679824,134,0.0
1743107680,1.29561,1.2957,0.0,0,1743107680155,130,0.0
1743107680,1.29562,1.29571,0.0,0,1743107680481,134,0.0
1743107680,1.29563,1.29572,0.0,0,1743107680820,134,0.0
1743107681,1.29566,1.29575,0.0,0,1743107681145,134,0.0
1743107681,1.29568,1.29577,0.0,0,1743107681475,134,0.0
1743107681,1.29569,1.29578,0.0,0,1743107681805,134,0.0
1743107684,1.29571,1.2958,0.0,0,1743107684466,134,0.0
1743107684,1.29572,1.29581,0.0,0,1743107684775,134,0.0
1743107688,1.29571,1.2958,0.0,0,1743107688732,134,0.0
1743107690,1.29571,1.29579,0.0,0,1743107690056,4,0.0
1743107691,1.2957,1.29578,0.0,0,1743107691041,134,0.0
1743107692,1.29571,1.29578,0.0,0,1743107692039,130,0.0
1743107692,1.29572,1.29579,0.0,0,1743107692696,134,0.0
1743107695,1.29573,1.29579,0.0,0,1743107695333,130,0.0
1743107700,1.29573,1.29579,0.0,0,1743107700281,130,0.0
1743107700,1.29572,1.29578,0.0,0,1743107700941,134,0.0
1743107702,1.29573,1.29579,0.0,0,1743107702263,134,0.0
1743107703,1.29574,1.2958,0.0,0,1743107703910,134,0.0
1743107704,1.29573,1.29579,0.0,0,1743107704576,134,0.0
1743107706,1.29568,1.29574,0.0,0,1743107706220,134,0.0
1743107707,1.29566,1.29575,0.0,0,1743107707213,134,0.0
1743107707,1.2956699999999999,1.29576,0.0,0,1743107707225,134,0.0
1743107707,1.29568,1.29577,0.0,0,1743107707544,134,0.0
1743107709,1.29568,1.29576,0.0,0,1743107709194,4,0.0
1743107710,1.2956699999999999,1.29575,0.0,0,1743107710844,134,0.0
1743107711,1.29568,1.29575,0.0,0,1743107711174,130,0.0
1743107712,1.29565,1.29572,0.0,0,1743107712493,134,0.0
1743107713,1.2956400000000001,1.29572,0.0,0,1743107713156,130,0.0
1743107715,1.29565,1.29573,0.0,0,1743107715468,134,0.0
1743107715,1.29566,1.29574,0.0,0,1743107715791,134,0.0
1743107716,1.29562,1.2957,0.0,0,1743107716136,134,0.0
1743107717,1.29562,1.29571,0.0,0,1743107717118,4,0.0
1743107718,1.29562,1.2957,0.0,0,1743107718106,4,0.0
1743107721,1.29569,1.29576,0.0,0,1743107721076,134,0.0
1743107721,1.29568,1.29575,0.0,0,1743107721404,134,0.0
1743107722,1.2956699999999999,1.29576,0.0,0,1743107722067,134,0.0
1743107722,1.29568,1.29577,0.0,0,1743107722390,134,0.0
1743107724,1.29568,1.29576,0.0,0,1743107724045,4,0.0
1743107724,1.2956699999999999,1.29575,0.0,0,1743107724702,134,0.0
1743107725,1.29568,1.29576,0.0,0,1743107725363,134,0.0
1743107725,1.29569,1.29577,0.0,0,1743107725695,134,0.0
1743107727,1.29572,1.2958,0.0,0,1743107727016,134,0.0
1743107728,1.29573,1.2958,0.0,0,1743107728334,130,0.0
1743107730,1.29573,1.29579,0.0,0,1743107730316,4,0.0
1743107730,1.29574,1.2958,0.0,0,1743107730974,134,0.0
1743107734,1.29573,1.29579,0.0,0,1743107734604,134,0.0
1743107736,1.29574,1.2958,0.0,0,1743107736584,134,0.0
1743107737,1.29573,1.29579,0.0,0,1743107737570,134,0.0
1743107737,1.29571,1.29577,0.0,0,1743107737900,134,0.0
1743107738,1.2957,1.29577,0.0,0,1743107738233,130,0.0
1743107738,1.29571,1.29578,0.0,0,1743107738241,134,0.0
1743107738,1.29569,1.29576,0.0,0,1743107738561,134,0.0
1743107738,1.2957,1.29577,0.0,0,1743107738896,134,0.0
1743107740,1.2957,1.29576,0.0,0,1743107740215,4,0.0
1743107744,1.29571,1.29577,0.0,0,1743107744504,134,0.0
1743107746,1.29572,1.29578,0.0,0,1743107746481,134,0.0
1743107746,1.29573,1.29579,0.0,0,1743107746814,134,0.0
1743107748,1.29575,1.29581,0.0,0,1743107748463,134,0.0
1743107750,1.29581,1.29587,0.0,0,1743107750772,134,0.0
1743107751,1.29579,1.29588,0.0,0,1743107751103,134,0.0
1743107752,1.29578,1.29587,0.0,0,1743107752103,134,0.0
1743107752,1.29579,1.29588,0.0,0,1743107752422,134,0.0
1743107755,1.29579,1.29587,0.0,0,1743107755063,4,0.0
1743107757,1.2958,1.29587,0.0,0,1743107757046,130,0.0
1743107759,1.29581,1.29587,0.0,0,1743107759022,130,0.0
1743107760,1.29581,1.29587,0.0,0,1743107760013,130,0.0
1743107764,1.2958,1.29586,0.0,0,1743107764300,134,0.0
1743107765,1.29581,1.29587,0.0,0,1743107765291,134,0.0
1743107766,1.29583,1.29589,0.0,0,1743107766283,134,0.0
1743107766,1.29582,1.29588,0.0,0,1743107766610,134,0.0
1743107766,1.29581,1.29587,0.0,0,1743107766952,134,0.0
1743107767,1.29582,1.29588,0.0,0,1743107767275,134,0.0
1743107767,1.29581,1.29587,0.0,0,1743107767931,134,0.0
1743107769,1.2958,1.29586,0.0,0,1743107769590,134,0.0
1743107778,1.29579,1.29585,0.0,0,1743107778164,134,0.0
1743107780,1.29578,1.29584,0.0,0,1743107780800,134,0.0
1743107782,1.29576,1.29583,0.0,0,1743107782126,134,0.0
1743107784,1.29575,1.29582,0.0,0,1743107784101,134,0.0
1743107784,1.29572,1.29579,0.0,0,1743107784116,134,0.0
1743107785,1.29572,1.2958,0.0,0,1743107785094,4,0.0
1743107787,1.29573,1.29581,0.0,0,1743107787404,134,0.0
1743107788,1.29574,1.29582,0.0,0,1743107788724,134,0.0
1743107790,1.29572,1.2958,0.0,0,1743107790040,134,0.0
1743107790,1.2957,1.29578,0.0,0,1743107790703,134,0.0
1743107792,1.29571,1.29578,0.0,0,1743107792023,130,0.0
1743107796,1.2957,1.29577,0.0,0,1743107796971,134,0.0
1743107798,1.29571,1.29577,0.0,0,1743107798292,130,0.0
1743107804,1.29572,1.29578,0.0,0,1743107804234,134,0.0
1743107806,1.29574,1.2958,0.0,0,1743107806540,134,0.0
1743107806,1.29573,1.29579,0.0,0,1743107806871,134,0.0
1743107808,1.29574,1.2958,0.0,0,1743107808199,134,0.0
1743107808,1.2957,1.29576,0.0,0,1743107808520,134,0.0
1743107809,1.29568,1.29577,0.0,0,1743107809183,134,0.0
1743107810,1.2957,1.29579,0.0,0,1743107810506,134,0.0
1743107811,1.29572,1.29581,0.0,0,1743107811159,134,0.0
1743107811,1.29573,1.29582,0.0,0,1743107811819,134,0.0
1743107813,1.29575,1.29584,0.0,0,1743107813144,134,0.0
1743107813,1.29573,1.29582,0.0,0,1743107813473,134,0.0
1743107815,1.29573,1.29581,0.0,0,1743107815124,4,0.0
1743107817,1.29574,1.29582,0.0,0,1743107817432,134,0.0
1743107818,1.29575,1.29582,0.0,0,1743107818097,130,0.0
1743107818,1.29568,1.29575,0.0,0,1743107818423,134,0.0
1743107819,1.29568,1.29577,0.0,0,1743107819083,4,0.0
1743107820,1.2956699999999999,1.29576,0.0,0,1743107820074,134,0.0
1743107821,1.2955999999999999,1.29569,0.0,0,1743107821070,134,0.0
1743107821,1.29561,1.2957,0.0,0,1743107821720,134,0.0
1743107824,1.29562,1.29571,0.0,0,1743107824042,134,0.0
1743107825,1.29561,1.2957,0.0,0,1743107825682,134,0.0
1743107826,1.2955999999999999,1.29569,0.0,0,1743107826018,134,0.0
1743107827,1.29561,1.2957,0.0,0,1743107827334,134,0.0
1743107828,1.29562,1.29571,0.0,0,1743107828321,134,0.0
1743107829,1.29561,1.2957,0.0,0,1743107829647,134,0.0
1743107830,1.29561,1.29569,0.0,0,1743107830304,4,0.0
1743107832,1.29562,1.2957,0.0,0,1743107832943,134,0.0
1743107833,1.29563,1.2957,0.0,0,1743107833275,130,0.0
1743107835,1.29562,1.29569,0.0,0,1743107835582,134,0.0
1743107836,1.29563,1.2957,0.0,0,1743107836241,134,0.0
1743107837,1.2956400000000001,1.2957,0.0,0,1743107837231,130,0.0
1743107837,1.29563,1.29569,0.0,0,1743107837890,134,0.0
1743107845,1.2956400000000001,1.2957,0.0,0,1743107845812,134,0.0
1743107847,1.29563,1.29569,0.0,0,1743107847803,134,0.0
1743107848,1.2955999999999999,1.29566,0.0,0,1743107848121,134,0.0
1743107848,1.29562,1.29568,0.0,0,1743107848452,134,0.0
1743107849,1.29561,1.29569,0.0,0,1743107849112,134,0.0
1743107850,1.29562,1.2957,0.0,0,1743107850440,134,0.0
1743107853,1.29563,1.2957,0.0,0,1743107853072,130,0.0
1743107855,1.29568,1.29575,0.0,0,1743107855056,134,0.0
1743107855,1.2957,1.29577,0.0,0,1743107855383,134,0.0
1743107856,1.29568,1.29577,0.0,0,1743107856041,130,0.0
1743107857,1.29569,1.29578,0.0,0,1743107857360,134,0.0
1743107859,1.29568,1.29577,0.0,0,1743107859012,134,0.0
1743107859,1.29569,1.29577,0.0,0,1743107859024,130,0.0
1743107860,1.29572,1.2958,0.0,0,1743107860993,134,0.0
1743107861,1.29571,1.29579,0.0,0,1743107861323,134,0.0
1743107864,1.29572,1.2958,0.0,0,1743107864622,134,0.0
1743107865,1.29571,1.29578,0.0,0,1743107865285,134,0.0
1743107865,1.2957,1.29577,0.0,0,1743107865612,134,0.0
1743107867,1.29568,1.29577,0.0,0,1743107867263,130,0.0
1743107868,1.29568,1.29576,0.0,0,1743107868255,4,0.0
1743107869,1.29569,1.29577,0.0,0,1743107869571,134,0.0
1743107870,1.29569,1.29576,0.0,0,1743107870237,4,0.0
1743107870,1.2957,1.29577,0.0,0,1743107870563,134,0.0
1743107872,1.2957,1.29576,0.0,0,1743107872210,4,0.0
1743107872,1.29571,1.29577,0.0,0,1743107872542,134,0.0
1743107878,1.2957,1.29576,0.0,0,1743107878482,134,0.0
1743107879,1.29569,1.29575,0.0,0,1743107879140,134,0.0
1743107880,1.29569,1.29575,0.0,0,1743107880135,130,0.0
1743107882,1.2957,1.29576,0.0,0,1743107882109,134,0.0
1743107884,1.29569,1.29575,0.0,0,1743107884751,134,0.0
1743107889,1.2957,1.29576,0.0,0,1743107889041,134,0.0
1743107889,1.29569,1.29575,0.0,0,1743107889371,134,0.0
1743107891,1.29571,1.29577,0.0,0,1743107891351,134,0.0
1743107895,1.29572,1.29578,0.0,0,1743107895972,134,0.0
1743107896,1.29571,1.29577,0.0,0,1743107896301,134,0.0
1743107901,1.2957,1.29576,0.0,0,1743107901252,134,0.0
