time,bid,ask,last,volume,time_msc,flags,volume_real
1740587568,31.568,31.587,0.0,0,1740587568802,134,0.0
1740587569,31.573,31.592,0.0,0,1740587569131,134,0.0
1740587569,31.571,31.59,0.0,0,1740587569166,134,0.0
1740587569,31.573,31.592,0.0,0,1740587569462,134,0.0
1740587569,31.571,31.59,0.0,0,1740587569791,134,0.0
1740587570,31.573,31.592,0.0,0,1740587570122,134,0.0
1740587570,31.572,31.591,0.0,0,1740587570129,134,0.0
1740587570,31.573,31.592,0.0,0,1740587570453,134,0.0
1740587571,31.574,31.593,0.0,0,1740587571113,134,0.0
1740587571,31.575,31.594,0.0,0,1740587571441,134,0.0
1740587571,31.576999999999998,31.596,0.0,0,1740587571448,134,0.0
1740587571,31.575,31.594,0.0,0,1740587571771,134,0.0
1740587572,31.576,31.595,0.0,0,1740587572100,134,0.0
1740587572,31.578,31.597,0.0,0,1740587572430,134,0.0
1740587573,31.576999999999998,31.596,0.0,0,1740587573421,134,0.0
1740587573,31.576,31.595,0.0,0,1740587573751,134,0.0
1740587574,31.576999999999998,31.596,0.0,0,1740587574082,134,0.0
1740587574,31.581,31.6,0.0,0,1740587574411,134,0.0
1740587574,31.582,31.601,0.0,0,1740587574742,134,0.0
1740587576,31.588,31.607,0.0,0,1740587576724,134,0.0
1740587576,31.589,31.608,0.0,0,1740587576755,134,0.0
1740587577,31.591,31.61,0.0,0,1740587577050,134,0.0
1740587577,31.592,31.611,0.0,0,1740587577060,134,0.0
1740587577,31.588,31.607,0.0,0,1740587577383,134,0.0
1740587577,31.589,31.608,0.0,0,1740587577416,134,0.0
1740587577,31.588,31.607,0.0,0,1740587577715,134,0.0
1740587578,31.591,31.61,0.0,0,1740587578040,134,0.0
1740587578,31.592,31.611,0.0,0,1740587578374,134,0.0
1740587580,31.592,31.611,0.0,0,1740587580021,130,0.0
1740587580,31.594,31.613,0.0,0,1740587580360,134,0.0
1740587580,31.592,31.611,0.0,0,1740587580683,134,0.0
1740587581,31.595,31.614,0.0,0,1740587581339,134,0.0
1740587581,31.596,31.615,0.0,0,1740587581673,134,0.0
1740587581,31.598,31.617,0.0,0,1740587581999,134,0.0
1740587582,31.6,31.619,0.0,0,1740587582331,134,0.0
1740587582,31.601,31.62,0.0,0,1740587582661,134,0.0
1740587583,31.604,31.623,0.0,0,1740587583652,134,0.0
1740587583,31.605,31.624,0.0,0,1740587583690,134,0.0
1740587583,31.606,31.625,0.0,0,1740587583996,134,0.0
1740587584,31.609,31.628,0.0,0,1740587584346,134,0.0
1740587584,31.608,31.627,0.0,0,1740587584643,134,0.0
1740587584,31.609,31.628,0.0,0,1740587584651,134,0.0
1740587584,31.614,31.633,0.0,0,1740587584977,134,0.0
1740587585,31.615,31.634,0.0,0,1740587585303,134,0.0
1740587585,31.616,31.635,0.0,0,1740587585964,134,0.0
1740587586,31.615,31.634,0.0,0,1740587586319,134,0.0
1740587586,31.616,31.635,0.0,0,1740587586623,134,0.0
1740587586,31.624,31.643,0.0,0,1740587586951,134,0.0
1740587586,31.622,31.641,0.0,0,1740587586974,134,0.0
1740587587,31.621,31.64,0.0,0,1740587587283,134,0.0
1740587588,31.625,31.644,0.0,0,1740587588273,134,0.0
1740587588,31.623,31.642,0.0,0,1740587588290,134,0.0
1740587588,31.621,31.64,0.0,0,1740587588603,134,0.0
1740587588,31.622,31.641,0.0,0,1740587588932,134,0.0
1740587589,31.629,31.648,0.0,0,1740587589263,134,0.0
1740587589,31.635,31.654,0.0,0,1740587589920,134,0.0
1740587590,31.636,31.655,0.0,0,1740587590252,134,0.0
1740587590,31.637,31.656,0.0,0,1740587590581,134,0.0
1740587591,31.636,31.655,0.0,0,1740587591244,134,0.0
1740587591,31.635,31.654,0.0,0,1740587591902,134,0.0
1740587592,31.636,31.655,0.0,0,1740587592231,134,0.0
1740587592,31.637,31.656,0.0,0,1740587592234,134,0.0
1740587592,31.635,31.654,0.0,0,1740587592562,134,0.0
1740587592,31.631,31.65,0.0,0,1740587592895,134,0.0
1740587592,31.632,31.651,0.0,0,1740587592898,134,0.0
1740587593,31.631,31.65,0.0,0,1740587593222,134,0.0
1740587593,31.634,31.653,0.0,0,1740587593558,134,0.0
1740587593,31.636,31.655,0.0,0,1740587593883,134,0.0
1740587594,31.637,31.656,0.0,0,1740587594211,134,0.0
1740587594,31.64,31.659,0.0,0,1740587594874,134,0.0
1740587594,31.637,31.656,0.0,0,1740587594876,134,0.0
1740587595,31.638,31.657,0.0,0,1740587595202,134,0.0
1740587595,31.637,31.656,0.0,0,1740587595223,134,0.0
1740587595,31.636,31.655,0.0,0,1740587595533,134,0.0
1740587595,31.637,31.656,0.0,0,1740587595578,134,0.0
1740587595,31.636,31.655,0.0,0,1740587595860,134,0.0
1740587595,31.637,31.656,0.0,0,1740587595880,134,0.0
1740587596,31.636,31.655,0.0,0,1740587596191,134,0.0
1740587596,31.637,31.656,0.0,0,1740587596235,134,0.0
1740587596,31.635,31.654,0.0,0,1740587596524,134,0.0
1740587596,31.634,31.653,0.0,0,1740587596851,134,0.0
1740587596,31.633,31.652,0.0,0,1740587596897,134,0.0
1740587597,31.634,31.653,0.0,0,1740587597183,134,0.0
1740587597,31.635,31.654,0.0,0,1740587597198,134,0.0
1740587597,31.633,31.652,0.0,0,1740587597840,134,0.0
1740587598,31.632,31.651,0.0,0,1740587598171,134,0.0
1740587598,31.631,31.65,0.0,0,1740587598210,134,0.0
1740587598,31.632,31.651,0.0,0,1740587598500,134,0.0
1740587598,31.633,31.652,0.0,0,1740587598514,134,0.0
1740587598,31.632,31.651,0.0,0,1740587598868,134,0.0
1740587601,31.631,31.65,0.0,0,1740587601142,134,0.0
1740587601,31.632,31.651,0.0,0,1740587601803,134,0.0
1740587601,31.631,31.65,0.0,0,1740587601847,134,0.0
1740587602,31.632,31.651,0.0,0,1740587602131,134,0.0
1740587602,31.633,31.652,0.0,0,1740587602461,134,0.0
1740587602,31.631,31.65,0.0,0,1740587602794,134,0.0
1740587602,31.632,31.651,0.0,0,1740587602810,134,0.0
1740587603,31.631,31.65,0.0,0,1740587603451,134,0.0
1740587603,31.632,31.651,0.0,0,1740587603465,134,0.0
1740587604,31.633,31.652,0.0,0,1740587604111,134,0.0
1740587604,31.634,31.653,0.0,0,1740587604771,134,0.0
1740587605,31.637,31.656,0.0,0,1740587605100,134,0.0
1740587605,31.636,31.655,0.0,0,1740587605432,134,0.0
1740587605,31.631,31.65,0.0,0,1740587605759,134,0.0
1740587605,31.632,31.651,0.0,0,1740587605791,134,0.0
1740587606,31.633,31.652,0.0,0,1740587606423,134,0.0
1740587606,31.634,31.653,0.0,0,1740587606454,134,0.0
1740587607,31.631,31.65,0.0,0,1740587607106,134,0.0
1740587607,31.629,31.648,0.0,0,1740587607412,134,0.0
1740587607,31.627,31.646,0.0,0,1740587607765,134,0.0
1740587608,31.63,31.649,0.0,0,1740587608072,134,0.0
1740587608,31.627,31.646,0.0,0,1740587608431,134,0.0
1740587608,31.628,31.647,0.0,0,1740587608732,134,0.0
1740587609,31.626,31.645,0.0,0,1740587609061,134,0.0
1740587609,31.627,31.646,0.0,0,1740587609721,134,0.0
1740587609,31.629,31.648,0.0,0,1740587609735,134,0.0
1740587610,31.626,31.645,0.0,0,1740587610048,134,0.0
1740587610,31.627,31.646,0.0,0,1740587610393,134,0.0
1740587610,31.62,31.639,0.0,0,1740587610710,134,0.0
1740587611,31.624,31.643,0.0,0,1740587611371,134,0.0
1740587611,31.626,31.645,0.0,0,1740587611702,134,0.0
1740587612,31.627,31.646,0.0,0,1740587612362,134,0.0
1740587612,31.631,31.65,0.0,0,1740587612691,134,0.0
1740587613,31.63,31.649,0.0,0,1740587613352,134,0.0
1740587613,31.628,31.647,0.0,0,1740587613681,134,0.0
1740587613,31.629,31.648,0.0,0,1740587613689,134,0.0
1740587614,31.626,31.645,0.0,0,1740587614011,134,0.0
1740587614,31.627,31.646,0.0,0,1740587614671,134,0.0
1740587615,31.629,31.648,0.0,0,1740587615333,134,0.0
1740587616,31.63,31.649,0.0,0,1740587616320,134,0.0
1740587616,31.629,31.648,0.0,0,1740587616980,134,0.0
1740587617,31.627,31.646,0.0,0,1740587617643,134,0.0
1740587618,31.629,31.648,0.0,0,1740587618301,134,0.0
1740587618,31.628,31.647,0.0,0,1740587618650,134,0.0
1740587618,31.627,31.646,0.0,0,1740587618961,134,0.0
1740587619,31.626,31.645,0.0,0,1740587619289,134,0.0
1740587619,31.624,31.643,0.0,0,1740587619652,134,0.0
1740587619,31.626,31.645,0.0,0,1740587619955,134,0.0
1740587620,31.624,31.643,0.0,0,1740587620612,134,0.0
1740587620,31.625,31.644,0.0,0,1740587620615,134,0.0
1740587620,31.622,31.641,0.0,0,1740587620939,134,0.0
1740587621,31.621,31.64,0.0,0,1740587621274,134,0.0
1740587622,31.62,31.639,0.0,0,1740587622591,134,0.0
1740587622,31.621,31.64,0.0,0,1740587622638,134,0.0
1740587622,31.624,31.643,0.0,0,1740587622922,134,0.0
1740587623,31.621,31.64,0.0,0,1740587623251,134,0.0
1740587623,31.621,31.639,0.0,0,1740587623293,4,0.0
1740587623,31.622,31.641,0.0,0,1740587623582,134,0.0
1740587623,31.623,31.641,0.0,0,1740587623911,130,0.0
1740587624,31.622,31.64,0.0,0,1740587624242,134,0.0
1740587624,31.621,31.64,0.0,0,1740587624902,130,0.0
1740587626,31.621,31.639,0.0,0,1740587626222,4,0.0
1740587626,31.621,31.64,0.0,0,1740587626226,4,0.0
1740587626,31.622,31.64,0.0,0,1740587626552,130,0.0
1740587626,31.621,31.64,0.0,0,1740587626882,130,0.0
1740587627,31.622,31.64,0.0,0,1740587627212,130,0.0
1740587627,31.62,31.639,0.0,0,1740587627542,134,0.0
1740587627,31.621,31.639,0.0,0,1740587627546,130,0.0
1740587628,31.62,31.638,0.0,0,1740587628198,134,0.0
1740587628,31.621,31.638,0.0,0,1740587628531,130,0.0
1740587628,31.625,31.642,0.0,0,1740587628861,134,0.0
1740587628,31.627,31.644,0.0,0,1740587628911,134,0.0
1740587629,31.628,31.645,0.0,0,1740587629190,134,0.0
1740587629,31.629,31.646,0.0,0,1740587629522,134,0.0
1740587630,31.622,31.64,0.0,0,1740587630181,134,0.0
1740587630,31.625,31.643,0.0,0,1740587630511,134,0.0
1740587630,31.628,31.646,0.0,0,1740587630526,134,0.0
1740587631,31.623,31.64,0.0,0,1740587631172,134,0.0
1740587631,31.626,31.643,0.0,0,1740587631184,134,0.0
1740587631,31.622,31.64,0.0,0,1740587631501,134,0.0
1740587631,31.622,31.639,0.0,0,1740587631570,4,0.0
1740587631,31.619,31.636,0.0,0,1740587631830,134,0.0
1740587632,31.618,31.637,0.0,0,1740587632160,134,0.0
1740587632,31.617,31.636,0.0,0,1740587632492,134,0.0
1740587633,31.613,31.632,0.0,0,1740587633481,134,0.0
1740587633,31.611,31.63,0.0,0,1740587633813,134,0.0
1740587634,31.617,31.636,0.0,0,1740587634470,134,0.0
1740587636,31.614,31.633,0.0,0,1740587636120,134,0.0
1740587636,31.615,31.634,0.0,0,1740587636153,134,0.0
1740587637,31.611,31.63,0.0,0,1740587637111,134,0.0
1740587637,31.61,31.629,0.0,0,1740587637773,134,0.0
1740587638,31.611,31.63,0.0,0,1740587638760,134,0.0
1740587639,31.61,31.629,0.0,0,1740587639422,134,0.0
1740587640,31.61,31.629,0.0,0,1740587640079,130,0.0
1740587640,31.598,31.617,0.0,0,1740587640413,134,0.0
1740587640,31.597,31.616,0.0,0,1740587640446,134,0.0
1740587641,31.596,31.615,0.0,0,1740587641098,134,0.0
1740587641,31.594,31.613,0.0,0,1740587641419,134,0.0
1740587641,31.595,31.614,0.0,0,1740587641731,134,0.0
1740587642,31.6,31.619,0.0,0,1740587642723,134,0.0
1740587643,31.602,31.621,0.0,0,1740587643050,134,0.0
1740587643,31.604,31.623,0.0,0,1740587643381,134,0.0
1740587643,31.605,31.624,0.0,0,1740587643426,134,0.0
1740587643,31.604,31.623,0.0,0,1740587643711,134,0.0
1740587645,31.602,31.621,0.0,0,1740587645051,134,0.0
1740587645,31.603,31.622,0.0,0,1740587645362,134,0.0
1740587645,31.6,31.619,0.0,0,1740587645692,134,0.0
1740587645,31.602,31.621,0.0,0,1740587645705,134,0.0
1740587646,31.597,31.616,0.0,0,1740587646360,134,0.0
1740587647,31.598,31.617,0.0,0,1740587647011,134,0.0
1740587647,31.6,31.619,0.0,0,1740587647343,134,0.0
1740587647,31.599,31.618,0.0,0,1740587647675,134,0.0
1740587649,31.6,31.619,0.0,0,1740587649650,134,0.0
1740587650,31.597,31.616,0.0,0,1740587650311,134,0.0
1740587651,31.596,31.615,0.0,0,1740587651300,134,0.0
1740587652,31.598,31.617,0.0,0,1740587652953,134,0.0
1740587653,31.597,31.616,0.0,0,1740587653281,134,0.0
1740587655,31.596,31.615,0.0,0,1740587655259,134,0.0
1740587655,31.595,31.614,0.0,0,1740587655592,134,0.0
1740587656,31.596,31.615,0.0,0,1740587656255,134,0.0
1740587656,31.601,31.62,0.0,0,1740587656581,134,0.0
1740587656,31.602,31.621,0.0,0,1740587656912,134,0.0
1740587658,31.605,31.624,0.0,0,1740587658232,134,0.0
1740587658,31.604,31.623,0.0,0,1740587658890,134,0.0
1740587658,31.605,31.624,0.0,0,1740587658915,134,0.0
1740587660,31.602,31.621,0.0,0,1740587660585,134,0.0
1740587660,31.604,31.623,0.0,0,1740587660871,134,0.0
1740587661,31.601,31.62,0.0,0,1740587661863,134,0.0
1740587662,31.597,31.616,0.0,0,1740587662203,134,0.0
1740587662,31.598,31.617,0.0,0,1740587662521,134,0.0
1740587663,31.597,31.616,0.0,0,1740587663184,134,0.0
1740587664,31.605,31.624,0.0,0,1740587664503,134,0.0
1740587664,31.603,31.622,0.0,0,1740587664526,134,0.0
1740587665,31.602,31.621,0.0,0,1740587665160,134,0.0
1740587665,31.603,31.622,0.0,0,1740587665184,134,0.0
1740587668,31.604,31.623,0.0,0,1740587668135,134,0.0
1740587668,31.603,31.622,0.0,0,1740587668463,134,0.0
1740587671,31.605,31.624,0.0,0,1740587671103,134,0.0
1740587671,31.603,31.622,0.0,0,1740587671431,134,0.0
1740587671,31.6,31.619,0.0,0,1740587671761,134,0.0
1740587672,31.601,31.62,0.0,0,1740587672750,134,0.0
1740587674,31.6,31.619,0.0,0,1740587674070,134,0.0
1740587674,31.601,31.62,0.0,0,1740587674441,134,0.0
1740587675,31.601,31.619,0.0,0,1740587675061,4,0.0
1740587675,31.6,31.619,0.0,0,1740587675392,130,0.0
1740587676,31.601,31.619,0.0,0,1740587676059,130,0.0
1740587677,31.601,31.618,0.0,0,1740587677067,4,0.0
1740587677,31.599,31.617,0.0,0,1740587677700,134,0.0
1740587677,31.6,31.617,0.0,0,1740587677727,130,0.0
1740587678,31.599,31.617,0.0,0,1740587678028,130,0.0
1740587678,31.6,31.617,0.0,0,1740587678034,130,0.0
1740587678,31.601,31.618,0.0,0,1740587678360,134,0.0
1740587678,31.6,31.618,0.0,0,1740587678691,130,0.0
1740587679,31.602,31.619,0.0,0,1740587679020,134,0.0
1740587679,31.601,31.619,0.0,0,1740587679042,130,0.0
1740587679,31.602,31.619,0.0,0,1740587679351,130,0.0
1740587680,31.603,31.62,0.0,0,1740587680357,134,0.0
1740587681,31.604,31.621,0.0,0,1740587681332,134,0.0
1740587681,31.603,31.621,0.0,0,1740587681992,130,0.0
1740587682,31.604,31.621,0.0,0,1740587682321,130,0.0
1740587682,31.607,31.624,0.0,0,1740587682650,134,0.0
1740587683,31.609,31.626,0.0,0,1740587683640,134,0.0
1740587683,31.61,31.627,0.0,0,1740587683970,134,0.0
1740587688,31.61,31.626,0.0,0,1740587688259,4,0.0
1740587688,31.61,31.627,0.0,0,1740587688592,4,0.0
1740587688,31.607,31.624,0.0,0,1740587688919,134,0.0
1740587689,31.609,31.626,0.0,0,1740587689578,134,0.0
1740587691,31.61,31.625,0.0,0,1740587691230,134,0.0
1740587692,31.612,31.627,0.0,0,1740587692549,134,0.0
1740587692,31.611,31.627,0.0,0,1740587692879,130,0.0
1740587693,31.613,31.628,0.0,0,1740587693541,134,0.0
1740587694,31.614,31.629,0.0,0,1740587694200,134,0.0
1740587694,31.612,31.628,0.0,0,1740587694530,134,0.0
1740587694,31.612,31.627,0.0,0,1740587694555,4,0.0
1740587694,31.613,31.628,0.0,0,1740587694856,134,0.0
1740587696,31.615,31.63,0.0,0,1740587696180,134,0.0
1740587696,31.61,31.626,0.0,0,1740587696844,134,0.0
1740587697,31.611,31.627,0.0,0,1740587697181,134,0.0
1740587698,31.612,31.627,0.0,0,1740587698157,130,0.0
1740587699,31.612,31.626,0.0,0,1740587699149,4,0.0
1740587699,31.613,31.627,0.0,0,1740587699812,134,0.0
1740587700,31.616,31.63,0.0,0,1740587700137,134,0.0
1740587700,31.615,31.629,0.0,0,1740587700164,134,0.0
1740587700,31.619,31.633,0.0,0,1740587700469,134,0.0
1740587700,31.616,31.63,0.0,0,1740587700571,134,0.0
1740587700,31.624,31.639,0.0,0,1740587700834,134,0.0
1740587701,31.627,31.644,0.0,0,1740587701128,134,0.0
1740587701,31.625,31.643,0.0,0,1740587701461,134,0.0
1740587701,31.626,31.643,0.0,0,1740587701790,130,0.0
1740587702,31.623,31.641,0.0,0,1740587702137,134,0.0
1740587702,31.623,31.64,0.0,0,1740587702449,4,0.0
1740587702,31.623,31.641,0.0,0,1740587702781,4,0.0
1740587703,31.622,31.64,0.0,0,1740587703108,134,0.0
1740587703,31.624,31.641,0.0,0,1740587703179,134,0.0
1740587703,31.625,31.642,0.0,0,1740587703442,134,0.0
1740587703,31.624,31.641,0.0,0,1740587703453,134,0.0
1740587703,31.623,31.641,0.0,0,1740587703768,130,0.0
1740587704,31.624,31.641,0.0,0,1740587704100,130,0.0
1740587704,31.622,31.639,0.0,0,1740587704433,134,0.0
1740587704,31.624,31.641,0.0,0,1740587704760,134,0.0
1740587705,31.628,31.645,0.0,0,1740587705123,134,0.0
1740587706,31.629,31.646,0.0,0,1740587706082,134,0.0
1740587706,31.628,31.645,0.0,0,1740587706408,134,0.0
1740587707,31.627,31.645,0.0,0,1740587707071,130,0.0
1740587707,31.626,31.644,0.0,0,1740587707399,134,0.0
1740587707,31.626,31.643,0.0,0,1740587707731,4,0.0
1740587708,31.625,31.642,0.0,0,1740587708064,134,0.0
1740587708,31.621,31.638,0.0,0,1740587708404,134,0.0
1740587708,31.618,31.635,0.0,0,1740587708720,134,0.0
1740587708,31.621,31.638,0.0,0,1740587708753,134,0.0
1740587709,31.622,31.64,0.0,0,1740587709056,134,0.0
1740587709,31.62,31.638,0.0,0,1740587709383,134,0.0
1740587710,31.62,31.637,0.0,0,1740587710042,4,0.0
1740587712,31.619,31.637,0.0,0,1740587712023,130,0.0
1740587712,31.62,31.637,0.0,0,1740587712091,130,0.0
1740587712,31.619,31.636,0.0,0,1740587712394,134,0.0
1740587712,31.62,31.638,0.0,0,1740587712683,134,0.0
1740587713,31.621,31.638,0.0,0,1740587713011,130,0.0
1740587713,31.621,31.637,0.0,0,1740587713053,4,0.0
1740587713,31.621,31.638,0.0,0,1740587713340,4,0.0
1740587713,31.621,31.637,0.0,0,1740587713712,4,0.0
1740587714,31.62,31.637,0.0,0,1740587714660,130,0.0
1740587714,31.621,31.638,0.0,0,1740587714673,134,0.0
1740587715,31.622,31.639,0.0,0,1740587715655,134,0.0
1740587715,31.62,31.636,0.0,0,1740587715980,134,0.0
1740587716,31.619,31.636,0.0,0,1740587716310,130,0.0
1740587716,31.622,31.638,0.0,0,1740587716642,134,0.0
1740587716,31.62,31.637,0.0,0,1740587716998,134,0.0
1740587717,31.622,31.638,0.0,0,1740587717303,134,0.0
1740587717,31.622,31.639,0.0,0,1740587717962,4,0.0
1740587719,31.622,31.638,0.0,0,1740587719283,4,0.0
1740587719,31.623,31.638,0.0,0,1740587719613,130,0.0
1740587720,31.622,31.638,0.0,0,1740587720946,130,0.0
1740587721,31.621,31.636,0.0,0,1740587721591,134,0.0
1740587722,31.62,31.635,0.0,0,1740587722250,134,0.0
1740587722,31.619,31.635,0.0,0,1740587722580,130,0.0
1740587722,31.619,31.634,0.0,0,1740587722920,4,0.0
1740587723,31.617,31.632,0.0,0,1740587723240,134,0.0
1740587723,31.616,31.631,0.0,0,1740587723902,134,0.0
1740587724,31.621,31.637,0.0,0,1740587724230,134,0.0
1740587724,31.622,31.637,0.0,0,1740587724233,130,0.0
1740587724,31.622,31.638,0.0,0,1740587724558,4,0.0
1740587724,31.62,31.635,0.0,0,1740587724586,134,0.0
1740587724,31.619,31.635,0.0,0,1740587724889,130,0.0
1740587725,31.621,31.637,0.0,0,1740587725221,134,0.0
1740587725,31.62,31.635,0.0,0,1740587725548,134,0.0
1740587726,31.621,31.635,0.0,0,1740587726207,130,0.0
1740587726,31.617,31.632,0.0,0,1740587726539,134,0.0
1740587726,31.616,31.631,0.0,0,1740587726869,134,0.0
1740587727,31.616,31.632,0.0,0,1740587727200,4,0.0
1740587727,31.616,31.631,0.0,0,1740587727218,4,0.0
1740587727,31.618,31.633,0.0,0,1740587727857,134,0.0
1740587728,31.619,31.634,0.0,0,1740587728188,134,0.0
1740587729,31.618,31.633,0.0,0,1740587729179,134,0.0
1740587729,31.619,31.634,0.0,0,1740587729510,134,0.0
1740587730,31.621,31.635,0.0,0,1740587730501,134,0.0
1740587730,31.618,31.633,0.0,0,1740587730828,134,0.0
1740587731,31.621,31.635,0.0,0,1740587731496,134,0.0
1740587731,31.623,31.638,0.0,0,1740587731821,134,0.0
1740587731,31.623,31.637,0.0,0,1740587731824,4,0.0
1740587732,31.623,31.638,0.0,0,1740587732147,4,0.0
1740587732,31.624,31.639,0.0,0,1740587732481,134,0.0
1740587733,31.623,31.638,0.0,0,1740587733472,134,0.0
1740587733,31.624,31.639,0.0,0,1740587733799,134,0.0
1740587735,31.625,31.639,0.0,0,1740587735118,130,0.0
1740587735,31.624,31.639,0.0,0,1740587735447,130,0.0
1740587735,31.625,31.64,0.0,0,1740587735781,134,0.0
1740587736,31.624,31.639,0.0,0,1740587736109,134,0.0
1740587737,31.625,31.639,0.0,0,1740587737099,130,0.0
1740587737,31.624,31.638,0.0,0,1740587737429,134,0.0
1740587738,31.622,31.636,0.0,0,1740587738089,134,0.0
1740587738,31.622,31.637,0.0,0,1740587738108,4,0.0
1740587738,31.623,31.637,0.0,0,1740587738420,130,0.0
1740587739,31.622,31.636,0.0,0,1740587739410,134,0.0
1740587740,31.623,31.637,0.0,0,1740587740069,134,0.0
1740587742,31.623,31.636,0.0,0,1740587742049,4,0.0
1740587743,31.624,31.637,0.0,0,1740587743041,134,0.0
1740587743,31.626,31.64,0.0,0,1740587743368,134,0.0
1740587743,31.628,31.641,0.0,0,1740587743703,134,0.0
1740587744,31.624,31.637,0.0,0,1740587744030,134,0.0
1740587746,31.622,31.635,0.0,0,1740587746668,134,0.0
1740587748,31.625,31.637,0.0,0,1740587748651,134,0.0
1740587748,31.622,31.635,0.0,0,1740587748666,134,0.0
1740587749,31.621,31.634,0.0,0,1740587749307,134,0.0
1740587750,31.622,31.635,0.0,0,1740587750298,134,0.0
1740587751,31.624,31.636,0.0,0,1740587751292,134,0.0
1740587752,31.622,31.634,0.0,0,1740587752280,134,0.0
1740587752,31.622,31.635,0.0,0,1740587752609,4,0.0
1740587753,31.622,31.634,0.0,0,1740587753929,4,0.0
1740587756,31.612,31.624,0.0,0,1740587756239,134,0.0
1740587756,31.61,31.622,0.0,0,1740587756251,134,0.0
1740587756,31.611,31.623,0.0,0,1740587756568,134,0.0
1740587756,31.61,31.622,0.0,0,1740587756899,134,0.0
1740587757,31.608,31.623,0.0,0,1740587757229,134,0.0
1740587757,31.605,31.621,0.0,0,1740587757559,134,0.0
1740587757,31.605,31.62,0.0,0,1740587757890,4,0.0
1740587758,31.606,31.621,0.0,0,1740587758550,134,0.0
1740587759,31.603,31.618,0.0,0,1740587759208,134,0.0
1740587759,31.602,31.617,0.0,0,1740587759896,134,0.0
1740587760,31.602,31.618,0.0,0,1740587760200,134,0.0
1740587760,31.603,31.618,0.0,0,1740587760551,130,0.0
1740587760,31.602,31.617,0.0,0,1740587760860,134,0.0
1740587761,31.599,31.614,0.0,0,1740587761188,134,0.0
1740587761,31.598,31.613,0.0,0,1740587761212,134,0.0
1740587761,31.587,31.602,0.0,0,1740587761519,134,0.0
1740587761,31.585,31.6,0.0,0,1740587761848,134,0.0
1740587762,31.583,31.602,0.0,0,1740587762177,134,0.0
1740587762,31.582,31.601,0.0,0,1740587762510,134,0.0
1740587762,31.583,31.602,0.0,0,1740587762842,134,0.0
1740587763,31.584,31.603,0.0,0,1740587763177,134,0.0
1740587763,31.583,31.602,0.0,0,1740587763498,134,0.0
1740587763,31.582,31.601,0.0,0,1740587763532,134,0.0
1740587763,31.581,31.6,0.0,0,1740587763830,134,0.0
1740587764,31.58,31.599,0.0,0,1740587764488,134,0.0
1740587764,31.581,31.6,0.0,0,1740587764819,134,0.0
1740587765,31.579,31.598,0.0,0,1740587765478,134,0.0
1740587765,31.576999999999998,31.596,0.0,0,1740587765529,134,0.0
1740587765,31.576,31.595,0.0,0,1740587765809,134,0.0
1740587765,31.576999999999998,31.596,0.0,0,1740587765857,134,0.0
1740587766,31.575,31.594,0.0,0,1740587766162,134,0.0
1740587766,31.579,31.598,0.0,0,1740587766469,134,0.0
1740587766,31.579,31.597,0.0,0,1740587766515,4,0.0
1740587766,31.573,31.592,0.0,0,1740587766801,134,0.0
1740587767,31.573,31.591,0.0,0,1740587767461,4,0.0
1740587767,31.573,31.592,0.0,0,1740587767790,4,0.0
1740587768,31.573,31.591,0.0,0,1740587768135,4,0.0
1740587768,31.573,31.592,0.0,0,1740587768450,4,0.0
1740587769,31.574,31.593,0.0,0,1740587769112,134,0.0
1740587769,31.573,31.592,0.0,0,1740587769143,134,0.0
1740587770,31.574,31.593,0.0,0,1740587770102,134,0.0
1740587770,31.573,31.592,0.0,0,1740587770105,134,0.0
1740587770,31.573,31.591,0.0,0,1740587770457,4,0.0
1740587770,31.571,31.589,0.0,0,1740587770761,134,0.0
1740587771,31.572,31.591,0.0,0,1740587771115,134,0.0
1740587771,31.571,31.59,0.0,0,1740587771421,134,0.0
1740587771,31.572,31.591,0.0,0,1740587771772,134,0.0
1740587772,31.571,31.59,0.0,0,1740587772080,134,0.0
1740587772,31.572,31.59,0.0,0,1740587772126,130,0.0
1740587772,31.572,31.591,0.0,0,1740587772411,4,0.0
1740587772,31.571,31.59,0.0,0,1740587772781,134,0.0
1740587773,31.572,31.589,0.0,0,1740587773070,134,0.0
1740587774,31.571,31.589,0.0,0,1740587774101,130,0.0
1740587774,31.571,31.588,0.0,0,1740587774390,4,0.0
1740587775,31.572,31.589,0.0,0,1740587775050,134,0.0
1740587775,31.571,31.589,0.0,0,1740587775058,130,0.0
1740587775,31.571,31.588,0.0,0,1740587775379,4,0.0
1740587775,31.572,31.589,0.0,0,1740587775412,134,0.0
1740587775,31.572,31.59,0.0,0,1740587775710,4,0.0
1740587775,31.573,31.591,0.0,0,1740587775715,134,0.0
1740587776,31.572,31.589,0.0,0,1740587776370,134,0.0
1740587776,31.575,31.593,0.0,0,1740587776699,134,0.0
1740587776,31.574,31.591,0.0,0,1740587776727,134,0.0
1740587777,31.573,31.591,0.0,0,1740587777029,130,0.0
1740587778,31.574,31.591,0.0,0,1740587778020,130,0.0
1740587778,31.571,31.588,0.0,0,1740587778040,134,0.0
1740587778,31.573,31.591,0.0,0,1740587778349,134,0.0
1740587778,31.574,31.591,0.0,0,1740587778680,130,0.0
1740587779,31.573,31.59,0.0,0,1740587779049,134,0.0
1740587779,31.574,31.591,0.0,0,1740587779339,134,0.0
1740587779,31.573,31.59,0.0,0,1740587779668,134,0.0
1740587781,31.572,31.589,0.0,0,1740587781651,134,0.0
1740587781,31.573,31.59,0.0,0,1740587781677,134,0.0
1740587783,31.573,31.589,0.0,0,1740587783300,4,0.0
1740587783,31.573,31.59,0.0,0,1740587783628,4,0.0
1740587784,31.574,31.59,0.0,0,1740587784290,130,0.0
1740587785,31.575,31.592,0.0,0,1740587785280,134,0.0
1740587785,31.573,31.589,0.0,0,1740587785320,134,0.0
1740587785,31.572,31.588,0.0,0,1740587785610,134,0.0
1740587786,31.572,31.587,0.0,0,1740587786270,4,0.0
1740587786,31.571,31.587,0.0,0,1740587786278,130,0.0
1740587786,31.572,31.588,0.0,0,1740587786599,134,0.0
1740587787,31.574,31.589,0.0,0,1740587787259,134,0.0
1740587787,31.574,31.59,0.0,0,1740587787919,4,0.0
1740587788,31.571,31.587,0.0,0,1740587788909,134,0.0
1740587789,31.57,31.586,0.0,0,1740587789570,134,0.0
1740587790,31.571,31.586,0.0,0,1740587790229,130,0.0
1740587794,31.57,31.585,0.0,0,1740587794851,134,0.0
1740587795,31.569,31.584,0.0,0,1740587795508,134,0.0
1740587795,31.571,31.586,0.0,0,1740587795838,134,0.0
1740587796,31.567,31.582,0.0,0,1740587796170,134,0.0
1740587796,31.566,31.581,0.0,0,1740587796177,134,0.0
1740587796,31.567,31.582,0.0,0,1740587796499,134,0.0
1740587796,31.568,31.583,0.0,0,1740587796830,134,0.0
1740587797,31.57,31.584,0.0,0,1740587797158,134,0.0
1740587797,31.57,31.585,0.0,0,1740587797186,4,0.0
1740587797,31.571,31.586,0.0,0,1740587797491,134,0.0
1740587797,31.57,31.585,0.0,0,1740587797492,134,0.0
1740587798,31.571,31.585,0.0,0,1740587798478,130,0.0
1740587798,31.572,31.586,0.0,0,1740587798500,134,0.0
1740587799,31.573,31.588,0.0,0,1740587799157,134,0.0
1740587799,31.574,31.588,0.0,0,1740587799468,130,0.0
1740587800,31.574,31.589,0.0,0,1740587800127,4,0.0
1740587800,31.573,31.588,0.0,0,1740587800458,134,0.0
1740587800,31.576999999999998,31.592,0.0,0,1740587800791,134,0.0
1740587801,31.579,31.593,0.0,0,1740587801119,134,0.0
1740587801,31.578,31.592,0.0,0,1740587801129,134,0.0
1740587801,31.576,31.59,0.0,0,1740587801452,134,0.0
1740587802,31.576999999999998,31.592,0.0,0,1740587802441,134,0.0
1740587802,31.576,31.591,0.0,0,1740587802770,134,0.0
1740587803,31.575,31.59,0.0,0,1740587803428,134,0.0
1740587804,31.576,31.59,0.0,0,1740587804420,130,0.0
1740587806,31.576,31.591,0.0,0,1740587806067,4,0.0
1740587807,31.576999999999998,31.591,0.0,0,1740587807391,130,0.0
1740587809,31.576,31.59,0.0,0,1740587809366,134,0.0
1740587809,31.572,31.586,0.0,0,1740587809700,134,0.0
1740587810,31.573,31.587,0.0,0,1740587810686,134,0.0
1740587811,31.575,31.588,0.0,0,1740587811018,134,0.0
1740587811,31.574,31.589,0.0,0,1740587811034,134,0.0
1740587812,31.573,31.587,0.0,0,1740587812008,134,0.0
1740587812,31.568,31.583,0.0,0,1740587812999,134,0.0
1740587813,31.569,31.583,0.0,0,1740587813329,130,0.0
1740587813,31.572,31.586,0.0,0,1740587813658,134,0.0
1740587813,31.569,31.583,0.0,0,1740587813989,134,0.0
1740587814,31.571,31.586,0.0,0,1740587814981,134,0.0
1740587815,31.573,31.587,0.0,0,1740587815308,134,0.0
1740587815,31.571,31.585,0.0,0,1740587815642,134,0.0
1740587815,31.572,31.586,0.0,0,1740587815971,134,0.0
1740587816,31.573,31.587,0.0,0,1740587816298,134,0.0
1740587819,31.574,31.588,0.0,0,1740587819596,134,0.0
1740587819,31.573,31.587,0.0,0,1740587819928,134,0.0
1740587820,31.572,31.586,0.0,0,1740587820256,134,0.0
1740587820,31.573,31.586,0.0,0,1740587820917,130,0.0
1740587821,31.572,31.586,0.0,0,1740587821578,130,0.0
1740587821,31.571,31.585,0.0,0,1740587821907,134,0.0
1740587822,31.573,31.586,0.0,0,1740587822238,134,0.0
1740587822,31.574,31.588,0.0,0,1740587822258,134,0.0
1740587822,31.573,31.586,0.0,0,1740587822567,134,0.0
1740587822,31.573,31.587,0.0,0,1740587822600,4,0.0
1740587822,31.573,31.586,0.0,0,1740587822896,4,0.0
1740587822,31.573,31.587,0.0,0,1740587822917,4,0.0
1740587824,31.574,31.587,0.0,0,1740587824216,130,0.0
1740587824,31.576,31.59,0.0,0,1740587824546,134,0.0
1740587824,31.576999999999998,31.59,0.0,0,1740587824878,130,0.0
1740587825,31.576,31.589,0.0,0,1740587825206,134,0.0
1740587826,31.576,31.59,0.0,0,1740587826196,4,0.0
1740587826,31.576999999999998,31.59,0.0,0,1740587826528,130,0.0
1740587826,31.579,31.593,0.0,0,1740587826553,134,0.0
1740587827,31.581,31.594,0.0,0,1740587827186,134,0.0
1740587827,31.58,31.592,0.0,0,1740587827517,134,0.0
1740587827,31.579,31.592,0.0,0,1740587827869,130,0.0
1740587828,31.579,31.593,0.0,0,1740587828177,4,0.0
1740587828,31.58,31.594,0.0,0,1740587828508,134,0.0
1740587828,31.581,31.595,0.0,0,1740587828838,134,0.0
1740587829,31.58,31.594,0.0,0,1740587829249,134,0.0
1740587829,31.579,31.593,0.0,0,1740587829828,134,0.0
1740587829,31.58,31.594,0.0,0,1740587829863,134,0.0
1740587830,31.58,31.593,0.0,0,1740587830158,4,0.0
1740587831,31.581,31.594,0.0,0,1740587831479,134,0.0
1740587832,31.58,31.592,0.0,0,1740587832163,134,0.0
1740587832,31.581,31.593,0.0,0,1740587832468,134,0.0
1740587832,31.582,31.594,0.0,0,1740587832799,134,0.0
1740587832,31.581,31.594,0.0,0,1740587832821,130,0.0
1740587834,31.581,31.593,0.0,0,1740587834448,4,0.0
1740587834,31.581,31.594,0.0,0,1740587834779,4,0.0
1740587835,31.582,31.595,0.0,0,1740587835455,134,0.0
1740587835,31.582,31.594,0.0,0,1740587835771,4,0.0
1740587836,31.594,31.606,0.0,0,1740587836756,134,0.0
1740587837,31.599,31.611,0.0,0,1740587837097,134,0.0
1740587837,31.599,31.612,0.0,0,1740587837426,4,0.0
1740587837,31.6,31.612,0.0,0,1740587837747,130,0.0
1740587838,31.597,31.615,0.0,0,1740587838078,134,0.0
1740587838,31.595,31.614,0.0,0,1740587838409,134,0.0
1740587838,31.597,31.615,0.0,0,1740587838741,134,0.0
1740587839,31.594,31.613,0.0,0,1740587839069,134,0.0
1740587839,31.597,31.615,0.0,0,1740587839400,134,0.0
1740587840,31.596,31.614,0.0,0,1740587840058,134,0.0
1740587840,31.596,31.615,0.0,0,1740587840388,4,0.0
1740587840,31.597,31.615,0.0,0,1740587840406,130,0.0
1740587841,31.6,31.618,0.0,0,1740587841379,134,0.0
1740587841,31.601,31.619,0.0,0,1740587841419,134,0.0
1740587841,31.603,31.621,0.0,0,1740587841708,134,0.0
1740587842,31.602,31.62,0.0,0,1740587842040,134,0.0
1740587842,31.602,31.621,0.0,0,1740587842081,4,0.0
1740587842,31.602,31.62,0.0,0,1740587842370,4,0.0
1740587842,31.601,31.619,0.0,0,1740587842698,134,0.0
1740587843,31.601,31.62,0.0,0,1740587843028,4,0.0
1740587843,31.602,31.62,0.0,0,1740587843038,130,0.0
1740587843,31.603,31.621,0.0,0,1740587843358,134,0.0
1740587843,31.602,31.62,0.0,0,1740587843390,134,0.0
1740587843,31.601,31.619,0.0,0,1740587843692,134,0.0
1740587844,31.602,31.62,0.0,0,1740587844049,134,0.0
1740587844,31.602,31.619,0.0,0,1740587844352,4,0.0
1740587844,31.603,31.621,0.0,0,1740587844355,134,0.0
1740587844,31.602,31.62,0.0,0,1740587844680,134,0.0
1740587845,31.605,31.622,0.0,0,1740587845360,134,0.0
1740587846,31.605,31.623,0.0,0,1740587846372,4,0.0
1740587846,31.606,31.623,0.0,0,1740587846657,130,0.0
1740587847,31.606,31.624,0.0,0,1740587847027,4,0.0
1740587847,31.605,31.622,0.0,0,1740587847318,134,0.0
1740587847,31.604,31.622,0.0,0,1740587847649,130,0.0
1740587847,31.604,31.621,0.0,0,1740587847980,4,0.0
1740587848,31.601,31.618,0.0,0,1740587848309,134,0.0
1740587848,31.602,31.619,0.0,0,1740587848639,134,0.0
1740587849,31.601,31.619,0.0,0,1740587849629,130,0.0
1740587849,31.603,31.62,0.0,0,1740587849660,134,0.0
1740587849,31.601,31.619,0.0,0,1740587849960,134,0.0
1740587850,31.602,31.62,0.0,0,1740587850288,134,0.0
1740587850,31.602,31.619,0.0,0,1740587850321,4,0.0
1740587850,31.601,31.619,0.0,0,1740587850623,130,0.0
1740587850,31.605,31.622,0.0,0,1740587850950,134,0.0
1740587850,31.609,31.627,0.0,0,1740587850979,134,0.0
1740587851,31.61,31.628,0.0,0,1740587851279,134,0.0
1740587851,31.611,31.628,0.0,0,1740587851282,130,0.0
1740587851,31.608,31.625,0.0,0,1740587851939,134,0.0
1740587852,31.608,31.626,0.0,0,1740587852270,4,0.0
1740587852,31.61,31.629,0.0,0,1740587852597,134,0.0
1740587853,31.612,31.63,0.0,0,1740587853313,134,0.0
1740587853,31.611,31.629,0.0,0,1740587853589,134,0.0
1740587853,31.61,31.628,0.0,0,1740587853603,134,0.0
1740587853,31.611,31.629,0.0,0,1740587853919,134,0.0
1740587854,31.613,31.631,0.0,0,1740587854261,134,0.0
1740587854,31.612,31.631,0.0,0,1740587854579,130,0.0
1740587854,31.609,31.627,0.0,0,1740587854620,134,0.0
1740587854,31.609,31.628,0.0,0,1740587854910,4,0.0
1740587855,31.608,31.627,0.0,0,1740587855240,134,0.0
1740587855,31.61,31.628,0.0,0,1740587855569,134,0.0
1740587855,31.612,31.63,0.0,0,1740587855933,134,0.0
1740587856,31.607,31.625,0.0,0,1740587856890,134,0.0
1740587856,31.604,31.622,0.0,0,1740587856894,134,0.0
1740587857,31.606,31.624,0.0,0,1740587857218,134,0.0
1740587857,31.607,31.625,0.0,0,1740587857289,134,0.0
1740587857,31.606,31.624,0.0,0,1740587857878,134,0.0
1740587858,31.604,31.622,0.0,0,1740587858538,134,0.0
1740587859,31.603,31.622,0.0,0,1740587859196,130,0.0
1740587859,31.602,31.621,0.0,0,1740587859214,134,0.0
1740587859,31.601,31.619,0.0,0,1740587859529,134,0.0
1740587860,31.602,31.62,0.0,0,1740587860520,134,0.0
1740587861,31.601,31.62,0.0,0,1740587861510,130,0.0
1740587862,31.602,31.62,0.0,0,1740587862169,130,0.0
1740587862,31.608,31.626,0.0,0,1740587862501,134,0.0
1740587862,31.606,31.624,0.0,0,1740587862504,134,0.0
1740587862,31.61,31.628,0.0,0,1740587862829,134,0.0
1740587862,31.614,31.632,0.0,0,1740587862854,134,0.0
1740587863,31.616,31.633,0.0,0,1740587863156,134,0.0
1740587863,31.615,31.633,0.0,0,1740587863490,130,0.0
1740587863,31.616,31.633,0.0,0,1740587863815,130,0.0
1740587864,31.615,31.634,0.0,0,1740587864148,134,0.0
1740587865,31.62,31.639,0.0,0,1740587865469,134,0.0
1740587867,31.619,31.638,0.0,0,1740587867122,134,0.0
1740587867,31.62,31.639,0.0,0,1740587867453,134,0.0
1740587867,31.621,31.64,0.0,0,1740587867781,134,0.0
1740587868,31.611,31.63,0.0,0,1740587868439,134,0.0
1740587868,31.61,31.629,0.0,0,1740587868771,134,0.0
1740587868,31.611,31.63,0.0,0,1740587868814,134,0.0
1740587869,31.61,31.629,0.0,0,1740587869098,134,0.0
1740587869,31.611,31.63,0.0,0,1740587869117,134,0.0
1740587869,31.613,31.632,0.0,0,1740587869429,134,0.0
1740587869,31.614,31.633,0.0,0,1740587869472,134,0.0
1740587870,31.616,31.635,0.0,0,1740587870420,134,0.0
1740587870,31.611,31.63,0.0,0,1740587870431,134,0.0
1740587870,31.613,31.632,0.0,0,1740587870751,134,0.0
1740587871,31.614,31.633,0.0,0,1740587871078,134,0.0
1740587871,31.613,31.632,0.0,0,1740587871089,134,0.0
1740587872,31.612,31.631,0.0,0,1740587872100,134,0.0
1740587872,31.614,31.633,0.0,0,1740587872398,134,0.0
1740587872,31.615,31.634,0.0,0,1740587872731,134,0.0
1740587872,31.614,31.633,0.0,0,1740587872774,134,0.0
1740587873,31.616,31.635,0.0,0,1740587873066,134,0.0
1740587873,31.614,31.633,0.0,0,1740587873388,134,0.0
1740587873,31.613,31.632,0.0,0,1740587873722,134,0.0
1740587874,31.615,31.634,0.0,0,1740587874047,134,0.0
1740587875,31.612,31.631,0.0,0,1740587875035,134,0.0
1740587875,31.611,31.63,0.0,0,1740587875368,134,0.0
1740587875,31.612,31.631,0.0,0,1740587875742,134,0.0
1740587876,31.613,31.632,0.0,0,1740587876031,134,0.0
1740587876,31.612,31.631,0.0,0,1740587876046,134,0.0
1740587876,31.616,31.635,0.0,0,1740587876690,134,0.0
1740587878,31.615,31.634,0.0,0,1740587878010,134,0.0
1740587879,31.616,31.635,0.0,0,1740587879001,134,0.0
1740587879,31.615,31.634,0.0,0,1740587879987,134,0.0
1740587880,31.611,31.63,0.0,0,1740587880317,134,0.0
1740587880,31.617,31.636,0.0,0,1740587880653,134,0.0
1740587881,31.621,31.64,0.0,0,1740587881639,134,0.0
1740587881,31.62,31.639,0.0,0,1740587881657,134,0.0
1740587881,31.617,31.636,0.0,0,1740587881967,134,0.0
1740587882,31.614,31.633,0.0,0,1740587882298,134,0.0
1740587882,31.616,31.635,0.0,0,1740587882631,134,0.0
1740587882,31.614,31.633,0.0,0,1740587882958,134,0.0
1740587883,31.615,31.634,0.0,0,1740587883328,134,0.0
1740587883,31.612,31.631,0.0,0,1740587883618,134,0.0
1740587883,31.616,31.635,0.0,0,1740587883948,134,0.0
1740587884,31.608,31.627,0.0,0,1740587884278,134,0.0
1740587884,31.611,31.63,0.0,0,1740587884609,134,0.0
1740587884,31.612,31.631,0.0,0,1740587884646,134,0.0
1740587884,31.61,31.629,0.0,0,1740587884940,134,0.0
1740587885,31.612,31.631,0.0,0,1740587885267,134,0.0
1740587885,31.611,31.63,0.0,0,1740587885928,134,0.0
1740587885,31.612,31.631,0.0,0,1740587885963,134,0.0
1740587886,31.615,31.634,0.0,0,1740587886261,134,0.0
1740587886,31.621,31.64,0.0,0,1740587886590,134,0.0
1740587886,31.62,31.639,0.0,0,1740587886616,134,0.0
1740587886,31.618,31.637,0.0,0,1740587886920,134,0.0
1740587887,31.622,31.641,0.0,0,1740587887247,134,0.0
1740587887,31.621,31.64,0.0,0,1740587887580,134,0.0
1740587888,31.622,31.641,0.0,0,1740587888236,134,0.0
1740587888,31.624,31.643,0.0,0,1740587888899,134,0.0
1740587889,31.625,31.644,0.0,0,1740587889226,134,0.0
1740587889,31.621,31.64,0.0,0,1740587889559,134,0.0
1740587891,31.625,31.644,0.0,0,1740587891540,134,0.0
1740587892,31.624,31.643,0.0,0,1740587892199,134,0.0
1740587892,31.625,31.644,0.0,0,1740587892232,134,0.0
1740587893,31.626,31.645,0.0,0,1740587893520,134,0.0
1740587895,31.622,31.641,0.0,0,1740587895169,134,0.0
1740587895,31.624,31.643,0.0,0,1740587895827,134,0.0
1740587896,31.627,31.646,0.0,0,1740587896489,134,0.0
1740587897,31.626,31.645,0.0,0,1740587897480,134,0.0
1740587898,31.625,31.644,0.0,0,1740587898151,134,0.0
1740587898,31.627,31.646,0.0,0,1740587898473,134,0.0
1740587899,31.626,31.645,0.0,0,1740587899818,134,0.0
1740587900,31.624,31.643,0.0,0,1740587900781,134,0.0
1740587901,31.622,31.641,0.0,0,1740587901108,134,0.0
1740587901,31.621,31.639,0.0,0,1740587901437,134,0.0
1740587901,31.621,31.64,0.0,0,1740587901483,4,0.0
1740587901,31.622,31.641,0.0,0,1740587901768,134,0.0
1740587902,31.626,31.645,0.0,0,1740587902429,134,0.0
1740587903,31.627,31.646,0.0,0,1740587903748,134,0.0
1740587904,31.626,31.645,0.0,0,1740587904078,134,0.0
1740587904,31.625,31.643,0.0,0,1740587904408,134,0.0
1740587904,31.626,31.645,0.0,0,1740587904739,134,0.0
1740587905,31.624,31.643,0.0,0,1740587905068,134,0.0
1740587905,31.621,31.64,0.0,0,1740587905399,134,0.0
1740587905,31.621,31.639,0.0,0,1740587905730,4,0.0
1740587906,31.621,31.64,0.0,0,1740587906059,4,0.0
1740587907,31.621,31.639,0.0,0,1740587907092,4,0.0
1740587907,31.621,31.64,0.0,0,1740587907377,4,0.0
1740587907,31.62,31.639,0.0,0,1740587907707,134,0.0
1740587908,31.62,31.638,0.0,0,1740587908409,4,0.0
1740587909,31.619,31.638,0.0,0,1740587909028,130,0.0
1740587909,31.619,31.637,0.0,0,1740587909070,4,0.0
1740587909,31.612,31.63,0.0,0,1740587909359,134,0.0
1740587909,31.609,31.627,0.0,0,1740587909689,134,0.0
1740587910,31.608,31.626,0.0,0,1740587910021,134,0.0
1740587910,31.606,31.625,0.0,0,1740587910029,134,0.0
1740587910,31.604,31.623,0.0,0,1740587910351,134,0.0
1740587910,31.608,31.627,0.0,0,1740587910380,134,0.0
1740587910,31.603,31.622,0.0,0,1740587910677,134,0.0
1740587910,31.608,31.627,0.0,0,1740587910685,134,0.0
1740587911,31.607,31.626,0.0,0,1740587911006,134,0.0
1740587911,31.606,31.625,0.0,0,1740587911042,134,0.0
1740587911,31.609,31.628,0.0,0,1740587911340,134,0.0
1740587911,31.606,31.625,0.0,0,1740587911344,134,0.0
1740587911,31.61,31.629,0.0,0,1740587911668,134,0.0
1740587912,31.608,31.627,0.0,0,1740587912328,134,0.0
1740587912,31.61,31.629,0.0,0,1740587912353,134,0.0
1740587912,31.613,31.632,0.0,0,1740587912988,134,0.0
1740587913,31.608,31.627,0.0,0,1740587913649,134,0.0
1740587913,31.607,31.626,0.0,0,1740587913669,134,0.0
1740587913,31.604,31.623,0.0,0,1740587913979,134,0.0
1740587914,31.601,31.62,0.0,0,1740587914966,134,0.0
1740587915,31.604,31.623,0.0,0,1740587915297,134,0.0
1740587915,31.603,31.622,0.0,0,1740587915628,134,0.0
1740587916,31.6,31.619,0.0,0,1740587916286,134,0.0
1740587916,31.601,31.62,0.0,0,1740587916618,134,0.0
1740587916,31.6,31.619,0.0,0,1740587916652,134,0.0
1740587917,31.601,31.62,0.0,0,1740587917281,134,0.0
1740587917,31.6,31.619,0.0,0,1740587917307,134,0.0
1740587917,31.602,31.621,0.0,0,1740587917937,134,0.0
1740587918,31.601,31.62,0.0,0,1740587918928,134,0.0
1740587920,31.608,31.627,0.0,0,1740587920247,134,0.0
1740587920,31.609,31.628,0.0,0,1740587920942,134,0.0
1740587921,31.614,31.633,0.0,0,1740587921238,134,0.0
1740587921,31.613,31.632,0.0,0,1740587921246,134,0.0
1740587921,31.614,31.633,0.0,0,1740587921569,134,0.0
1740587922,31.612,31.631,0.0,0,1740587922229,134,0.0
1740587922,31.613,31.632,0.0,0,1740587922581,134,0.0
1740587922,31.61,31.629,0.0,0,1740587922888,134,0.0
1740587922,31.611,31.63,0.0,0,1740587922918,134,0.0
1740587923,31.612,31.631,0.0,0,1740587923221,134,0.0
1740587923,31.611,31.63,0.0,0,1740587923223,134,0.0
1740587923,31.612,31.631,0.0,0,1740587923549,134,0.0
1740587924,31.61,31.629,0.0,0,1740587924206,134,0.0
1740587924,31.613,31.632,0.0,0,1740587924869,134,0.0
1740587925,31.611,31.63,0.0,0,1740587925194,134,0.0
1740587925,31.61,31.629,0.0,0,1740587925547,134,0.0
1740587925,31.609,31.628,0.0,0,1740587925858,134,0.0
1740587925,31.611,31.63,0.0,0,1740587925904,134,0.0
1740587929,31.604,31.623,0.0,0,1740587929487,134,0.0
1740587929,31.605,31.624,0.0,0,1740587929499,134,0.0
1740587929,31.603,31.622,0.0,0,1740587929819,134,0.0
1740587929,31.604,31.623,0.0,0,1740587929886,134,0.0
1740587930,31.608,31.627,0.0,0,1740587930148,134,0.0
1740587930,31.607,31.626,0.0,0,1740587930155,134,0.0
1740587930,31.606,31.625,0.0,0,1740587930480,134,0.0
1740587930,31.607,31.626,0.0,0,1740587930508,134,0.0
1740587930,31.604,31.623,0.0,0,1740587930810,134,0.0
1740587930,31.603,31.622,0.0,0,1740587930814,134,0.0
1740587931,31.608,31.627,0.0,0,1740587931467,134,0.0
1740587931,31.607,31.626,0.0,0,1740587931470,134,0.0
1740587932,31.608,31.626,0.0,0,1740587932125,130,0.0
1740587932,31.607,31.626,0.0,0,1740587932459,130,0.0
1740587933,31.609,31.628,0.0,0,1740587933451,134,0.0
1740587933,31.609,31.627,0.0,0,1740587933776,4,0.0
1740587934,31.608,31.627,0.0,0,1740587934149,130,0.0
1740587934,31.609,31.627,0.0,0,1740587934437,130,0.0
1740587934,31.61,31.628,0.0,0,1740587934453,134,0.0
1740587934,31.61,31.629,0.0,0,1740587934770,4,0.0
1740587934,31.61,31.628,0.0,0,1740587934807,4,0.0
1740587935,31.609,31.627,0.0,0,1740587935099,134,0.0
1740587935,31.606,31.624,0.0,0,1740587935427,134,0.0
1740587935,31.603,31.621,0.0,0,1740587935461,134,0.0
1740587935,31.601,31.619,0.0,0,1740587935759,134,0.0
1740587936,31.6,31.618,0.0,0,1740587936088,134,0.0
1740587936,31.602,31.62,0.0,0,1740587936419,134,0.0
1740587936,31.6,31.619,0.0,0,1740587936422,134,0.0
1740587936,31.6,31.618,0.0,0,1740587936748,4,0.0
1740587937,31.599,31.618,0.0,0,1740587937084,130,0.0
1740587937,31.598,31.617,0.0,0,1740587937408,134,0.0
1740587938,31.599,31.617,0.0,0,1740587938726,130,0.0
1740587939,31.598,31.617,0.0,0,1740587939388,130,0.0
1740587940,31.598,31.616,0.0,0,1740587940050,134,0.0
1740587940,31.599,31.617,0.0,0,1740587940066,134,0.0
1740587940,31.596,31.614,0.0,0,1740587940708,134,0.0
1740587941,31.595,31.613,0.0,0,1740587941039,134,0.0
1740587941,31.598,31.616,0.0,0,1740587941369,134,0.0
1740587942,31.596,31.613,0.0,0,1740587942029,134,0.0
1740587942,31.593,31.611,0.0,0,1740587942358,134,0.0
1740587942,31.594,31.612,0.0,0,1740587942688,134,0.0
1740587943,31.598,31.616,0.0,0,1740587943018,134,0.0
1740587943,31.595,31.613,0.0,0,1740587943049,134,0.0
1740587943,31.594,31.612,0.0,0,1740587943347,134,0.0
1740587944,31.594,31.611,0.0,0,1740587944011,4,0.0
1740587944,31.593,31.61,0.0,0,1740587944336,134,0.0
1740587945,31.591,31.608,0.0,0,1740587945657,134,0.0
1740587945,31.597,31.614,0.0,0,1740587945988,134,0.0
1740587946,31.595,31.613,0.0,0,1740587946319,134,0.0
1740587946,31.595,31.612,0.0,0,1740587946977,4,0.0
1740587947,31.595,31.613,0.0,0,1740587947309,4,0.0
1740587947,31.595,31.612,0.0,0,1740587947351,4,0.0
1740587947,31.596,31.614,0.0,0,1740587947637,134,0.0
1740587947,31.596,31.613,0.0,0,1740587947968,4,0.0
1740587948,31.595,31.613,0.0,0,1740587948297,130,0.0
1740587948,31.594,31.612,0.0,0,1740587948956,134,0.0
1740587949,31.595,31.612,0.0,0,1740587949288,130,0.0
1740587949,31.592,31.609,0.0,0,1740587949615,134,0.0
1740587949,31.591,31.609,0.0,0,1740587949632,130,0.0
1740587949,31.594,31.612,0.0,0,1740587949950,134,0.0
1740587950,31.591,31.607,0.0,0,1740587950278,134,0.0
1740587950,31.591,31.608,0.0,0,1740587950288,4,0.0
1740587950,31.591,31.607,0.0,0,1740587950606,4,0.0
1740587950,31.589,31.606,0.0,0,1740587950654,134,0.0
1740587950,31.589,31.605,0.0,0,1740587950947,4,0.0
1740587951,31.589,31.606,0.0,0,1740587951267,4,0.0
1740587951,31.588,31.605,0.0,0,1740587951927,134,0.0
1740587952,31.587,31.604,0.0,0,1740587952588,134,0.0
1740587952,31.589,31.606,0.0,0,1740587952918,134,0.0
1740587953,31.589,31.605,0.0,0,1740587953247,4,0.0
1740587953,31.589,31.606,0.0,0,1740587953262,4,0.0
1740587954,31.585,31.602,0.0,0,1740587954236,134,0.0
1740587954,31.586,31.602,0.0,0,1740587954897,130,0.0
1740587955,31.587,31.603,0.0,0,1740587955556,134,0.0
1740587955,31.588,31.605,0.0,0,1740587955888,134,0.0
1740587956,31.587,31.604,0.0,0,1740587956217,134,0.0
1740587956,31.586,31.603,0.0,0,1740587956549,134,0.0
1740587956,31.588,31.604,0.0,0,1740587956881,134,0.0
1740587956,31.588,31.605,0.0,0,1740587956911,4,0.0
1740587957,31.587,31.604,0.0,0,1740587957207,134,0.0
1740587957,31.587,31.603,0.0,0,1740587957568,4,0.0
1740587958,31.588,31.604,0.0,0,1740587958225,134,0.0
1740587958,31.588,31.605,0.0,0,1740587958528,4,0.0
1740587958,31.586,31.603,0.0,0,1740587958856,134,0.0
1740587959,31.587,31.603,0.0,0,1740587959188,130,0.0
1740587959,31.589,31.605,0.0,0,1740587959189,134,0.0
1740587959,31.588,31.604,0.0,0,1740587959515,134,0.0
1740587959,31.589,31.605,0.0,0,1740587959845,134,0.0
1740587960,31.592,31.608,0.0,0,1740587960507,134,0.0
1740587960,31.593,31.609,0.0,0,1740587960837,134,0.0
1740587960,31.591,31.607,0.0,0,1740587960851,134,0.0
1740587961,31.589,31.605,0.0,0,1740587961169,134,0.0
1740587961,31.591,31.607,0.0,0,1740587961498,134,0.0
1740587961,31.59,31.606,0.0,0,1740587961827,134,0.0
1740587962,31.591,31.607,0.0,0,1740587962817,134,0.0
1740587963,31.59,31.605,0.0,0,1740587963148,134,0.0
1740587963,31.589,31.605,0.0,0,1740587963805,130,0.0
1740587963,31.587,31.603,0.0,0,1740587963833,134,0.0
1740587964,31.587,31.602,0.0,0,1740587964135,4,0.0
1740587964,31.587,31.603,0.0,0,1740587964797,4,0.0
1740587965,31.583,31.598,0.0,0,1740587965128,134,0.0
1740587965,31.585,31.6,0.0,0,1740587965146,134,0.0
1740587965,31.584,31.6,0.0,0,1740587965458,130,0.0
1740587965,31.585,31.6,0.0,0,1740587965786,130,0.0
1740587965,31.584,31.6,0.0,0,1740587965809,130,0.0
1740587966,31.585,31.6,0.0,0,1740587966118,130,0.0
1740587966,31.589,31.605,0.0,0,1740587966448,134,0.0
1740587966,31.591,31.606,0.0,0,1740587966777,134,0.0
1740587967,31.594,31.61,0.0,0,1740587967105,134,0.0
1740587967,31.596,31.613,0.0,0,1740587967769,134,0.0
1740587968,31.594,31.611,0.0,0,1740587968099,134,0.0
1740587968,31.594,31.61,0.0,0,1740587968755,4,0.0
1740587969,31.593,31.61,0.0,0,1740587969096,130,0.0
1740587969,31.594,31.61,0.0,0,1740587969419,130,0.0
1740587970,31.595,31.611,0.0,0,1740587970080,134,0.0
1740587970,31.596,31.612,0.0,0,1740587970414,134,0.0
1740587970,31.593,31.609,0.0,0,1740587970737,134,0.0
1740587971,31.592,31.608,0.0,0,1740587971065,134,0.0
1740587971,31.593,31.609,0.0,0,1740587971074,134,0.0
1740587971,31.593,31.608,0.0,0,1740587971396,4,0.0
1740587971,31.592,31.608,0.0,0,1740587971730,130,0.0
1740587972,31.594,31.609,0.0,0,1740587972057,134,0.0
1740587972,31.594,31.61,0.0,0,1740587972388,4,0.0
1740587973,31.593,31.609,0.0,0,1740587973047,134,0.0
1740587973,31.594,31.61,0.0,0,1740587973378,134,0.0
1740587974,31.586,31.601,0.0,0,1740587974367,134,0.0
1740587974,31.585,31.601,0.0,0,1740587974408,130,0.0
1740587974,31.589,31.604,0.0,0,1740587974696,134,0.0
1740587975,31.587,31.603,0.0,0,1740587975029,134,0.0
1740587975,31.585,31.601,0.0,0,1740587975689,134,0.0
1740587975,31.588,31.604,0.0,0,1740587975720,134,0.0
1740587976,31.588,31.603,0.0,0,1740587976349,4,0.0
1740587976,31.586,31.602,0.0,0,1740587976378,134,0.0
1740587976,31.587,31.603,0.0,0,1740587976679,134,0.0
1740587977,31.586,31.602,0.0,0,1740587977036,134,0.0
1740587977,31.589,31.605,0.0,0,1740587977337,134,0.0
1740587977,31.589,31.604,0.0,0,1740587977338,4,0.0
1740587977,31.589,31.605,0.0,0,1740587977668,4,0.0
1740587977,31.586,31.601,0.0,0,1740587977998,134,0.0
1740587978,31.587,31.603,0.0,0,1740587978044,134,0.0
1740587978,31.588,31.603,0.0,0,1740587978327,130,0.0
1740587978,31.588,31.604,0.0,0,1740587978343,4,0.0
1740587978,31.586,31.602,0.0,0,1740587978987,134,0.0
1740587979,31.586,31.601,0.0,0,1740587979316,4,0.0
1740587979,31.585,31.6,0.0,0,1740587979356,134,0.0
1740587979,31.584,31.6,0.0,0,1740587979979,130,0.0
1740587980,31.578,31.593,0.0,0,1740587980306,134,0.0
1740587980,31.578,31.594,0.0,0,1740587980314,4,0.0
1740587980,31.579,31.594,0.0,0,1740587980637,130,0.0
1740587980,31.578,31.594,0.0,0,1740587980666,130,0.0
1740587981,31.573,31.589,0.0,0,1740587981295,134,0.0
1740587981,31.578,31.594,0.0,0,1740587981626,134,0.0
1740587981,31.576999999999998,31.593,0.0,0,1740587981632,134,0.0
1740587982,31.575,31.591,0.0,0,1740587982614,134,0.0
1740587982,31.576,31.592,0.0,0,1740587982641,134,0.0
1740587982,31.574,31.59,0.0,0,1740587982947,134,0.0
1740587982,31.579,31.595,0.0,0,1740587982950,134,0.0
1740587983,31.578,31.594,0.0,0,1740587983275,134,0.0
1740587983,31.58,31.595,0.0,0,1740587983604,134,0.0
1740587984,31.58,31.596,0.0,0,1740587984270,4,0.0
1740587984,31.58,31.595,0.0,0,1740587984270,4,0.0
1740587984,31.58,31.596,0.0,0,1740587984597,4,0.0
1740587985,31.58,31.595,0.0,0,1740587985257,4,0.0
1740587985,31.58,31.596,0.0,0,1740587985588,4,0.0
1740587986,31.58,31.595,0.0,0,1740587986248,4,0.0
1740587986,31.586,31.601,0.0,0,1740587986577,134,0.0
1740587986,31.585,31.601,0.0,0,1740587986591,130,0.0
1740587986,31.584,31.6,0.0,0,1740587986908,134,0.0
1740587987,31.585,31.601,0.0,0,1740587987236,134,0.0
1740587987,31.584,31.6,0.0,0,1740587987599,134,0.0
1740587987,31.583,31.599,0.0,0,1740587987897,134,0.0
1740587988,31.584,31.599,0.0,0,1740587988227,130,0.0
1740587988,31.585,31.6,0.0,0,1740587988887,134,0.0
1740587989,31.585,31.601,0.0,0,1740587989216,4,0.0
1740587989,31.584,31.6,0.0,0,1740587989546,134,0.0
1740587990,31.584,31.599,0.0,0,1740587990209,4,0.0
1740587992,31.584,31.6,0.0,0,1740587992517,4,0.0
1740587992,31.585,31.6,0.0,0,1740587992846,130,0.0
1740587992,31.584,31.599,0.0,0,1740587992849,134,0.0
1740587994,31.585,31.6,0.0,0,1740587994167,134,0.0
1740587994,31.583,31.598,0.0,0,1740587994496,134,0.0
1740587995,31.584,31.599,0.0,0,1740587995157,134,0.0
1740587995,31.582,31.597,0.0,0,1740587995816,134,0.0
1740587995,31.582,31.596,0.0,0,1740587995832,4,0.0
1740587996,31.58,31.594,0.0,0,1740587996146,134,0.0
1740587996,31.582,31.597,0.0,0,1740587996480,134,0.0
1740587996,31.581,31.596,0.0,0,1740587996491,134,0.0
1740587996,31.58,31.594,0.0,0,1740587996807,134,0.0
1740587997,31.579,31.594,0.0,0,1740587997136,130,0.0
1740587997,31.581,31.595,0.0,0,1740587997146,134,0.0
1740587997,31.579,31.594,0.0,0,1740587997466,134,0.0
1740587997,31.58,31.595,0.0,0,1740587997794,134,0.0
1740587999,31.579,31.593,0.0,0,1740587999121,134,0.0
1740587999,31.581,31.595,0.0,0,1740587999446,134,0.0
1740588000,31.581,31.595,0.0,0,1740588000106,130,0.0
1740588000,31.584,31.598,0.0,0,1740588000128,134,0.0
1740588000,31.582,31.596,0.0,0,1740588000437,134,0.0
1740588000,31.581,31.595,0.0,0,1740588000766,134,0.0
1740588001,31.58,31.594,0.0,0,1740588001096,134,0.0
1740588001,31.579,31.593,0.0,0,1740588001425,134,0.0
1740588001,31.581,31.595,0.0,0,1740588001756,134,0.0
1740588002,31.579,31.593,0.0,0,1740588002086,134,0.0
1740588002,31.578,31.592,0.0,0,1740588002108,134,0.0
1740588002,31.582,31.596,0.0,0,1740588002418,134,0.0
1740588002,31.583,31.597,0.0,0,1740588002747,134,0.0
1740588003,31.586,31.6,0.0,0,1740588003077,134,0.0
1740588003,31.588,31.602,0.0,0,1740588003407,134,0.0
1740588003,31.587,31.602,0.0,0,1740588003419,130,0.0
1740588003,31.585,31.599,0.0,0,1740588003736,134,0.0
1740588004,31.586,31.6,0.0,0,1740588004399,134,0.0
1740588004,31.585,31.599,0.0,0,1740588004728,134,0.0
1740588005,31.584,31.598,0.0,0,1740588005059,134,0.0
1740588005,31.58,31.594,0.0,0,1740588005391,134,0.0
1740588005,31.576999999999998,31.591,0.0,0,1740588005717,134,0.0
1740588005,31.576,31.59,0.0,0,1740588005741,134,0.0
1740588006,31.574,31.589,0.0,0,1740588006051,134,0.0
1740588006,31.575,31.589,0.0,0,1740588006376,130,0.0
1740588006,31.576,31.59,0.0,0,1740588006706,134,0.0
1740588007,31.556,31.57,0.0,0,1740588007037,134,0.0
1740588007,31.558,31.572,0.0,0,1740588007058,134,0.0
1740588007,31.559,31.573,0.0,0,1740588007366,134,0.0
1740588007,31.556,31.57,0.0,0,1740588007694,134,0.0
1740588007,31.559,31.573,0.0,0,1740588007713,134,0.0
1740588008,31.55,31.564,0.0,0,1740588008027,134,0.0
1740588008,31.547,31.566,0.0,0,1740588008355,134,0.0
1740588009,31.551,31.57,0.0,0,1740588009017,134,0.0
1740588009,31.545,31.564,0.0,0,1740588009088,134,0.0
1740588009,31.544,31.563,0.0,0,1740588009347,134,0.0
1740588009,31.545,31.564,0.0,0,1740588009679,134,0.0
1740588009,31.544,31.563,0.0,0,1740588009686,134,0.0
1740588010,31.547,31.566,0.0,0,1740588010007,134,0.0
1740588010,31.549,31.568,0.0,0,1740588010041,134,0.0
1740588010,31.544,31.563,0.0,0,1740588010338,134,0.0
1740588011,31.543,31.562,0.0,0,1740588011003,134,0.0
1740588011,31.544,31.563,0.0,0,1740588011005,134,0.0
1740588011,31.548000000000002,31.567,0.0,0,1740588011326,134,0.0
1740588011,31.546,31.565,0.0,0,1740588011352,134,0.0
1740588011,31.542,31.561,0.0,0,1740588011656,134,0.0
1740588011,31.535,31.554,0.0,0,1740588011987,134,0.0
1740588012,31.533,31.552,0.0,0,1740588012009,134,0.0
1740588012,31.534,31.553,0.0,0,1740588012317,134,0.0
1740588012,31.532,31.551,0.0,0,1740588012360,134,0.0
1740588012,31.534,31.553,0.0,0,1740588012979,134,0.0
1740588013,31.531,31.55,0.0,0,1740588013019,134,0.0
1740588013,31.532,31.551,0.0,0,1740588013307,134,0.0
1740588013,31.53,31.549,0.0,0,1740588013638,134,0.0
1740588014,31.529,31.548000000000002,0.0,0,1740588014627,134,0.0
1740588014,31.531,31.55,0.0,0,1740588014956,134,0.0
1740588015,31.525,31.544,0.0,0,1740588015287,134,0.0
1740588015,31.526,31.545,0.0,0,1740588015300,134,0.0
1740588015,31.523,31.542,0.0,0,1740588015618,134,0.0
1740588015,31.525,31.544,0.0,0,1740588015653,134,0.0
1740588015,31.517,31.536,0.0,0,1740588015946,134,0.0
1740588016,31.511,31.53,0.0,0,1740588016607,134,0.0
1740588016,31.51,31.529,0.0,0,1740588016614,134,0.0
1740588016,31.511,31.53,0.0,0,1740588016936,134,0.0
1740588017,31.516,31.535,0.0,0,1740588017598,134,0.0
1740588017,31.515,31.534,0.0,0,1740588017927,134,0.0
1740588017,31.514,31.533,0.0,0,1740588017928,134,0.0
1740588018,31.515,31.534,0.0,0,1740588018283,134,0.0
1740588018,31.514,31.533,0.0,0,1740588018586,134,0.0
1740588018,31.512,31.531,0.0,0,1740588018588,134,0.0
1740588019,31.51,31.529,0.0,0,1740588019247,134,0.0
1740588019,31.503,31.522,0.0,0,1740588019576,134,0.0
1740588019,31.493,31.512,0.0,0,1740588019905,134,0.0
1740588019,31.494,31.513,0.0,0,1740588019949,134,0.0
1740588020,31.499,31.518,0.0,0,1740588020238,134,0.0
1740588020,31.498,31.517,0.0,0,1740588020566,134,0.0
1740588020,31.493,31.512,0.0,0,1740588020914,134,0.0
1740588021,31.499,31.518,0.0,0,1740588021229,134,0.0
1740588021,31.503,31.522,0.0,0,1740588021558,134,0.0
1740588021,31.502,31.521,0.0,0,1740588021564,134,0.0
1740588021,31.503,31.522,0.0,0,1740588021887,134,0.0
1740588022,31.501,31.52,0.0,0,1740588022548,134,0.0
1740588023,31.508,31.527,0.0,0,1740588023207,134,0.0
1740588023,31.512,31.531,0.0,0,1740588023870,134,0.0
1740588024,31.506,31.525,0.0,0,1740588024527,134,0.0
1740588024,31.505,31.524,0.0,0,1740588024859,134,0.0
1740588026,31.498,31.517,0.0,0,1740588026180,134,0.0
1740588026,31.497,31.516,0.0,0,1740588026507,134,0.0
1740588026,31.51,31.529,0.0,0,1740588026837,134,0.0
1740588027,31.503,31.522,0.0,0,1740588027166,134,0.0
1740588027,31.501,31.52,0.0,0,1740588027183,134,0.0
1740588027,31.503,31.522,0.0,0,1740588027498,134,0.0
1740588028,31.511,31.53,0.0,0,1740588028159,134,0.0
1740588028,31.502,31.521,0.0,0,1740588028486,134,0.0
1740588028,31.496,31.515,0.0,0,1740588028818,134,0.0
1740588029,31.499,31.518,0.0,0,1740588029475,134,0.0
1740588029,31.504,31.523,0.0,0,1740588029809,134,0.0
1740588030,31.508,31.527,0.0,0,1740588030467,134,0.0
1740588030,31.509,31.528,0.0,0,1740588030470,134,0.0
1740588031,31.507,31.526,0.0,0,1740588031127,134,0.0
1740588031,31.505,31.524,0.0,0,1740588031480,134,0.0
1740588032,31.514,31.533,0.0,0,1740588032115,134,0.0
1740588032,31.512,31.531,0.0,0,1740588032140,134,0.0
1740588032,31.511,31.53,0.0,0,1740588032777,134,0.0
1740588033,31.513,31.532,0.0,0,1740588033108,134,0.0
1740588033,31.515,31.534,0.0,0,1740588033440,134,0.0
1740588033,31.516,31.535,0.0,0,1740588033811,134,0.0
1740588034,31.518,31.537,0.0,0,1740588034108,134,0.0
1740588034,31.519,31.538,0.0,0,1740588034756,134,0.0
1740588035,31.517,31.536,0.0,0,1740588035416,134,0.0
1740588035,31.518,31.537,0.0,0,1740588035746,134,0.0
1740588036,31.517,31.536,0.0,0,1740588036077,134,0.0
1740588036,31.516,31.535,0.0,0,1740588036736,134,0.0
1740588037,31.517,31.536,0.0,0,1740588037069,134,0.0
1740588037,31.516,31.535,0.0,0,1740588037396,134,0.0
1740588037,31.517,31.536,0.0,0,1740588037403,134,0.0
1740588038,31.515,31.534,0.0,0,1740588038058,134,0.0
1740588038,31.516,31.535,0.0,0,1740588038388,134,0.0
1740588038,31.515,31.534,0.0,0,1740588038718,134,0.0
1740588039,31.513,31.532,0.0,0,1740588039376,134,0.0
1740588040,31.515,31.534,0.0,0,1740588040699,134,0.0
1740588041,31.514,31.533,0.0,0,1740588041356,134,0.0
1740588042,31.512,31.531,0.0,0,1740588042679,134,0.0
1740588043,31.511,31.53,0.0,0,1740588043337,134,0.0
1740588043,31.514,31.533,0.0,0,1740588043667,134,0.0
1740588043,31.511,31.53,0.0,0,1740588043683,134,0.0
1740588043,31.512,31.531,0.0,0,1740588043997,134,0.0
1740588045,31.498,31.517,0.0,0,1740588045982,134,0.0
1740588046,31.497,31.516,0.0,0,1740588046306,134,0.0
1740588046,31.5,31.519,0.0,0,1740588046638,134,0.0
1740588046,31.504,31.523,0.0,0,1740588046666,134,0.0
1740588046,31.5,31.519,0.0,0,1740588046969,134,0.0
1740588047,31.489,31.508,0.0,0,1740588047296,134,0.0
1740588047,31.49,31.509,0.0,0,1740588047627,134,0.0
1740588047,31.489,31.508,0.0,0,1740588047956,134,0.0
1740588047,31.49,31.509,0.0,0,1740588047983,134,0.0
1740588048,31.494,31.513,0.0,0,1740588048286,134,0.0
1740588050,31.493,31.512,0.0,0,1740588050269,134,0.0
1740588050,31.491,31.51,0.0,0,1740588050597,134,0.0
1740588050,31.492,31.511,0.0,0,1740588050925,134,0.0
1740588051,31.495,31.514,0.0,0,1740588051588,134,0.0
1740588052,31.496,31.515,0.0,0,1740588052245,134,0.0
1740588052,31.497,31.516,0.0,0,1740588052576,134,0.0
1740588052,31.502,31.521,0.0,0,1740588052904,134,0.0
1740588052,31.499,31.518,0.0,0,1740588052931,134,0.0
1740588053,31.498,31.517,0.0,0,1740588053238,134,0.0
1740588054,31.497,31.516,0.0,0,1740588054226,134,0.0
1740588054,31.498,31.517,0.0,0,1740588054247,134,0.0
1740588054,31.5,31.519,0.0,0,1740588054557,134,0.0
1740588054,31.499,31.518,0.0,0,1740588054888,134,0.0
1740588055,31.497,31.516,0.0,0,1740588055547,134,0.0
1740588056,31.496,31.515,0.0,0,1740588056208,134,0.0
1740588056,31.491,31.51,0.0,0,1740588056538,134,0.0
1740588056,31.492,31.511,0.0,0,1740588056570,134,0.0
1740588056,31.493,31.512,0.0,0,1740588056866,134,0.0
1740588056,31.492,31.511,0.0,0,1740588056875,134,0.0
1740588057,31.49,31.509,0.0,0,1740588057197,134,0.0
1740588057,31.491,31.51,0.0,0,1740588057526,134,0.0
1740588057,31.49,31.509,0.0,0,1740588057535,134,0.0
1740588057,31.487,31.506,0.0,0,1740588057856,134,0.0
1740588058,31.488,31.507,0.0,0,1740588058191,134,0.0
1740588058,31.487,31.506,0.0,0,1740588058850,134,0.0
1740588059,31.489,31.508,0.0,0,1740588059178,134,0.0
1740588059,31.493,31.512,0.0,0,1740588059561,134,0.0
1740588059,31.487,31.506,0.0,0,1740588059837,134,0.0
1740588060,31.49,31.509,0.0,0,1740588060168,134,0.0
1740588060,31.488,31.507,0.0,0,1740588060498,134,0.0
1740588060,31.489,31.508,0.0,0,1740588060513,134,0.0
1740588060,31.49,31.509,0.0,0,1740588060825,134,0.0
1740588061,31.495,31.514,0.0,0,1740588061156,134,0.0
1740588061,31.496,31.515,0.0,0,1740588061170,134,0.0
1740588061,31.495,31.514,0.0,0,1740588061489,134,0.0
1740588061,31.494,31.513,0.0,0,1740588061817,134,0.0
1740588062,31.49,31.509,0.0,0,1740588062180,134,0.0
1740588062,31.491,31.51,0.0,0,1740588062477,134,0.0
1740588062,31.488,31.507,0.0,0,1740588062805,134,0.0
1740588063,31.487,31.506,0.0,0,1740588063138,134,0.0
1740588063,31.488,31.507,0.0,0,1740588063144,134,0.0
1740588063,31.487,31.506,0.0,0,1740588063465,134,0.0
1740588063,31.486,31.505,0.0,0,1740588063497,134,0.0
1740588064,31.485,31.504,0.0,0,1740588064127,134,0.0
1740588064,31.487,31.506,0.0,0,1740588064158,134,0.0
1740588064,31.486,31.505,0.0,0,1740588064459,134,0.0
1740588064,31.486,31.506,0.0,0,1740588064787,4,0.0
1740588065,31.485,31.505,0.0,0,1740588065776,134,0.0
1740588066,31.496,31.515,0.0,0,1740588066767,134,0.0
1740588066,31.497,31.516,0.0,0,1740588066782,134,0.0
1740588067,31.496,31.515,0.0,0,1740588067096,134,0.0
1740588067,31.501,31.521,0.0,0,1740588067426,134,0.0
1740588067,31.503,31.523,0.0,0,1740588067757,134,0.0
1740588068,31.506,31.526,0.0,0,1740588068086,134,0.0
1740588068,31.507,31.527,0.0,0,1740588068096,134,0.0
1740588068,31.509,31.529,0.0,0,1740588068449,134,0.0
1740588068,31.51,31.529,0.0,0,1740588068746,130,0.0
1740588069,31.512,31.531,0.0,0,1740588069735,134,0.0
1740588069,31.51,31.529,0.0,0,1740588069761,134,0.0
1740588070,31.511,31.53,0.0,0,1740588070068,134,0.0
1740588070,31.512,31.531,0.0,0,1740588070397,134,0.0
1740588070,31.514,31.533,0.0,0,1740588070428,134,0.0
1740588070,31.515,31.534,0.0,0,1740588070726,134,0.0
1740588071,31.512,31.531,0.0,0,1740588071716,134,0.0
1740588071,31.511,31.53,0.0,0,1740588071736,134,0.0
1740588072,31.51,31.529,0.0,0,1740588072375,134,0.0
1740588072,31.511,31.53,0.0,0,1740588072742,134,0.0
1740588074,31.505,31.524,0.0,0,1740588074028,134,0.0
1740588074,31.507,31.526,0.0,0,1740588074361,134,0.0
1740588074,31.509,31.528,0.0,0,1740588074686,134,0.0
1740588075,31.508,31.527,0.0,0,1740588075018,134,0.0
1740588075,31.51,31.529,0.0,0,1740588075344,134,0.0
1740588075,31.511,31.53,0.0,0,1740588075374,134,0.0
1740588076,31.512,31.531,0.0,0,1740588076007,134,0.0
1740588076,31.516,31.535,0.0,0,1740588076334,134,0.0
1740588076,31.517,31.536,0.0,0,1740588076336,134,0.0
1740588076,31.516,31.535,0.0,0,1740588076689,134,0.0
1740588077,31.518,31.537,0.0,0,1740588077325,134,0.0
1740588077,31.516,31.535,0.0,0,1740588077658,134,0.0
1740588078,31.515,31.534,0.0,0,1740588078355,134,0.0
1740588078,31.514,31.533,0.0,0,1740588078646,134,0.0
1740588078,31.513,31.532,0.0,0,1740588078977,134,0.0
1740588079,31.514,31.533,0.0,0,1740588079011,134,0.0
1740588079,31.515,31.534,0.0,0,1740588079307,134,0.0
1740588079,31.514,31.533,0.0,0,1740588079315,134,0.0
1740588079,31.517,31.536,0.0,0,1740588079967,134,0.0
1740588080,31.518,31.537,0.0,0,1740588080957,134,0.0
1740588081,31.519,31.538,0.0,0,1740588081286,134,0.0
1740588081,31.521,31.54,0.0,0,1740588081947,134,0.0
1740588082,31.522,31.541,0.0,0,1740588082277,134,0.0
1740588082,31.525,31.544,0.0,0,1740588082606,134,0.0
1740588082,31.526,31.545,0.0,0,1740588082963,134,0.0
1740588083,31.529,31.548000000000002,0.0,0,1740588083268,134,0.0
1740588083,31.533,31.552,0.0,0,1740588083926,134,0.0
1740588083,31.532,31.551,0.0,0,1740588083927,134,0.0
1740588084,31.529,31.548000000000002,0.0,0,1740588084257,134,0.0
1740588084,31.531,31.55,0.0,0,1740588084586,134,0.0
1740588084,31.529,31.548000000000002,0.0,0,1740588084630,134,0.0
1740588084,31.533,31.552,0.0,0,1740588084917,134,0.0
1740588085,31.534,31.553,0.0,0,1740588085245,134,0.0
1740588085,31.532,31.551,0.0,0,1740588085578,134,0.0
1740588086,31.531,31.55,0.0,0,1740588086568,134,0.0
1740588086,31.532,31.551,0.0,0,1740588086603,134,0.0
1740588086,31.528,31.547,0.0,0,1740588086896,134,0.0
1740588087,31.534,31.553,0.0,0,1740588087226,134,0.0
1740588087,31.532,31.551,0.0,0,1740588087556,134,0.0
1740588087,31.533,31.552,0.0,0,1740588087564,134,0.0
1740588087,31.532,31.551,0.0,0,1740588087887,134,0.0
1740588088,31.534,31.553,0.0,0,1740588088881,134,0.0
1740588090,31.531,31.55,0.0,0,1740588090196,134,0.0
1740588090,31.53,31.549,0.0,0,1740588090197,134,0.0
1740588090,31.527,31.546,0.0,0,1740588090527,134,0.0
1740588091,31.529,31.548000000000002,0.0,0,1740588091556,134,0.0
1740588091,31.527,31.546,0.0,0,1740588091846,134,0.0
1740588092,31.529,31.548000000000002,0.0,0,1740588092176,134,0.0
1740588092,31.53,31.549,0.0,0,1740588092217,134,0.0
1740588092,31.527,31.546,0.0,0,1740588092506,134,0.0
1740588092,31.528,31.547,0.0,0,1740588092517,134,0.0
1740588092,31.527,31.546,0.0,0,1740588092837,134,0.0
1740588093,31.525,31.544,0.0,0,1740588093165,134,0.0
1740588093,31.526,31.545,0.0,0,1740588093494,134,0.0
1740588094,31.527,31.546,0.0,0,1740588094184,134,0.0
1740588094,31.53,31.549,0.0,0,1740588094486,134,0.0
1740588094,31.529,31.548000000000002,0.0,0,1740588094817,134,0.0
1740588095,31.528,31.547,0.0,0,1740588095145,134,0.0
1740588095,31.532,31.551,0.0,0,1740588095477,134,0.0
1740588095,31.53,31.549,0.0,0,1740588095502,134,0.0
1740588095,31.531,31.55,0.0,0,1740588095806,134,0.0
1740588096,31.528,31.547,0.0,0,1740588096137,134,0.0
1740588096,31.529,31.548000000000002,0.0,0,1740588096464,134,0.0
1740588096,31.537,31.556,0.0,0,1740588096793,134,0.0
1740588097,31.536,31.555,0.0,0,1740588097125,134,0.0
1740588097,31.535,31.554,0.0,0,1740588097171,134,0.0
1740588097,31.536,31.555,0.0,0,1740588097457,134,0.0
1740588098,31.535,31.554,0.0,0,1740588098445,134,0.0
1740588099,31.536,31.555,0.0,0,1740588099106,134,0.0
1740588100,31.541,31.56,0.0,0,1740588100426,134,0.0
1740588100,31.54,31.559,0.0,0,1740588100451,134,0.0
1740588101,31.541,31.56,0.0,0,1740588101461,134,0.0
1740588101,31.539,31.558,0.0,0,1740588101748,134,0.0
1740588102,31.538,31.557,0.0,0,1740588102122,134,0.0
1740588102,31.54,31.559,0.0,0,1740588102739,134,0.0
1740588102,31.539,31.558,0.0,0,1740588102777,134,0.0
1740588103,31.54,31.558,0.0,0,1740588103066,130,0.0
1740588104,31.536,31.554,0.0,0,1740588104057,134,0.0
1740588104,31.534,31.552,0.0,0,1740588104385,134,0.0
1740588104,31.535,31.553,0.0,0,1740588104716,134,0.0
1740588105,31.535,31.554,0.0,0,1740588105374,4,0.0
1740588105,31.536,31.555,0.0,0,1740588105704,134,0.0
1740588106,31.539,31.558,0.0,0,1740588106036,134,0.0
1740588106,31.54,31.558,0.0,0,1740588106065,130,0.0
1740588107,31.537,31.556,0.0,0,1740588107028,134,0.0
1740588107,31.538,31.556,0.0,0,1740588107030,130,0.0
1740588107,31.536,31.554,0.0,0,1740588107356,134,0.0
1740588107,31.532,31.551,0.0,0,1740588107380,134,0.0
1740588107,31.532,31.55,0.0,0,1740588107689,4,0.0
1740588108,31.535,31.553,0.0,0,1740588108676,134,0.0
1740588108,31.535,31.554,0.0,0,1740588108688,4,0.0
1740588109,31.536,31.555,0.0,0,1740588109044,134,0.0
1740588109,31.54,31.558,0.0,0,1740588109668,134,0.0
1740588109,31.54,31.559,0.0,0,1740588109997,4,0.0
1740588110,31.539,31.558,0.0,0,1740588110003,134,0.0
1740588110,31.537,31.556,0.0,0,1740588110356,134,0.0
1740588110,31.535,31.554,0.0,0,1740588110656,134,0.0
1740588110,31.534,31.553,0.0,0,1740588110659,134,0.0
1740588111,31.539,31.558,0.0,0,1740588111320,134,0.0
1740588111,31.536,31.555,0.0,0,1740588111321,134,0.0
1740588111,31.537,31.555,0.0,0,1740588111646,130,0.0
1740588111,31.539,31.558,0.0,0,1740588111975,134,0.0
1740588112,31.54,31.558,0.0,0,1740588112306,130,0.0
1740588112,31.539,31.558,0.0,0,1740588112325,130,0.0
1740588112,31.541,31.56,0.0,0,1740588112635,134,0.0
1740588112,31.54,31.559,0.0,0,1740588112967,134,0.0
1740588113,31.541,31.56,0.0,0,1740588113297,134,0.0
1740588113,31.541,31.559,0.0,0,1740588113627,4,0.0
1740588113,31.543,31.562,0.0,0,1740588113642,134,0.0
1740588113,31.545,31.563,0.0,0,1740588113956,134,0.0
1740588114,31.543,31.561,0.0,0,1740588114615,134,0.0
1740588114,31.544,31.562,0.0,0,1740588114946,134,0.0
1740588114,31.545,31.563,0.0,0,1740588114960,134,0.0
1740588115,31.545,31.564,0.0,0,1740588115277,4,0.0
1740588115,31.545,31.563,0.0,0,1740588115605,4,0.0
1740588116,31.547,31.565,0.0,0,1740588116594,134,0.0
1740588117,31.546,31.564,0.0,0,1740588117588,134,0.0
1740588118,31.549,31.566,0.0,0,1740588118246,134,0.0
1740588118,31.549,31.567,0.0,0,1740588118246,4,0.0
1740588118,31.547,31.565,0.0,0,1740588118905,134,0.0
1740588120,31.547,31.565,0.0,0,1740588120226,130,0.0
1740588120,31.547,31.564,0.0,0,1740588120572,4,0.0
1740588120,31.547,31.565,0.0,0,1740588120886,4,0.0
1740588121,31.544,31.562,0.0,0,1740588121884,134,0.0
1740588122,31.542,31.559,0.0,0,1740588122206,134,0.0
1740588122,31.542,31.56,0.0,0,1740588122239,4,0.0
1740588122,31.541,31.558,0.0,0,1740588122535,134,0.0
1740588122,31.541,31.559,0.0,0,1740588122544,4,0.0
1740588122,31.543,31.561,0.0,0,1740588122867,134,0.0
1740588122,31.545,31.562,0.0,0,1740588122897,134,0.0
1740588123,31.543,31.561,0.0,0,1740588123196,134,0.0
1740588123,31.544,31.561,0.0,0,1740588123525,130,0.0
1740588123,31.543,31.56,0.0,0,1740588123858,134,0.0
1740588124,31.544,31.561,0.0,0,1740588124185,134,0.0
1740588124,31.548000000000002,31.565,0.0,0,1740588124844,134,0.0
1740588124,31.549,31.566,0.0,0,1740588124869,134,0.0
1740588125,31.551,31.568,0.0,0,1740588125180,134,0.0
1740588125,31.552,31.569,0.0,0,1740588125530,134,0.0
1740588125,31.551,31.569,0.0,0,1740588125878,130,0.0
1740588126,31.55,31.567,0.0,0,1740588126495,134,0.0
1740588127,31.552,31.569,0.0,0,1740588127157,134,0.0
1740588127,31.552,31.57,0.0,0,1740588127495,4,0.0
1740588127,31.552,31.569,0.0,0,1740588127820,4,0.0
1740588128,31.558,31.574,0.0,0,1740588128156,134,0.0
1740588128,31.562,31.579,0.0,0,1740588128476,134,0.0
1740588128,31.565,31.582,0.0,0,1740588128506,134,0.0
1740588128,31.564,31.581,0.0,0,1740588128809,134,0.0
1740588128,31.563,31.58,0.0,0,1740588128811,134,0.0
1740588129,31.563,31.581,0.0,0,1740588129136,4,0.0
1740588129,31.563,31.582,0.0,0,1740588129164,4,0.0
1740588129,31.565,31.583,0.0,0,1740588129794,134,0.0
1740588130,31.564,31.582,0.0,0,1740588130124,134,0.0
1740588130,31.563,31.581,0.0,0,1740588130455,134,0.0
1740588132,31.558,31.576,0.0,0,1740588132106,134,0.0
1740588132,31.557,31.575,0.0,0,1740588132766,134,0.0
1740588134,31.546,31.565,0.0,0,1740588134086,134,0.0
1740588134,31.547,31.566,0.0,0,1740588134118,134,0.0
1740588134,31.548000000000002,31.567,0.0,0,1740588134415,134,0.0
1740588134,31.52,31.539,0.0,0,1740588134746,134,0.0
1740588134,31.519,31.538,0.0,0,1740588134778,134,0.0
1740588135,31.505,31.524,0.0,0,1740588135078,134,0.0
1740588135,31.506,31.525,0.0,0,1740588135084,134,0.0
1740588135,31.51,31.529,0.0,0,1740588135405,134,0.0
1740588135,31.509,31.528,0.0,0,1740588135434,134,0.0
1740588135,31.508,31.527,0.0,0,1740588135735,134,0.0
1740588135,31.502,31.521,0.0,0,1740588135739,134,0.0
1740588136,31.503,31.522,0.0,0,1740588136066,134,0.0
1740588136,31.502,31.521,0.0,0,1740588136092,134,0.0
1740588136,31.504,31.523,0.0,0,1740588136395,134,0.0
1740588136,31.503,31.522,0.0,0,1740588136726,134,0.0
1740588136,31.506,31.525,0.0,0,1740588136747,134,0.0
1740588137,31.502,31.521,0.0,0,1740588137056,134,0.0
1740588137,31.503,31.522,0.0,0,1740588137407,134,0.0
1740588137,31.504,31.523,0.0,0,1740588137714,134,0.0
1740588137,31.502,31.521,0.0,0,1740588137757,134,0.0
1740588138,31.503,31.522,0.0,0,1740588138062,134,0.0
1740588138,31.512,31.531,0.0,0,1740588138375,134,0.0
1740588138,31.511,31.53,0.0,0,1740588138418,134,0.0
1740588139,31.51,31.529,0.0,0,1740588139036,134,0.0
1740588139,31.511,31.53,0.0,0,1740588139076,134,0.0
1740588141,31.509,31.528,0.0,0,1740588141347,134,0.0
1740588141,31.508,31.527,0.0,0,1740588141348,134,0.0
1740588141,31.51,31.529,0.0,0,1740588141676,134,0.0
1740588142,31.511,31.53,0.0,0,1740588142006,134,0.0
1740588142,31.509,31.528,0.0,0,1740588142335,134,0.0
1740588142,31.51,31.529,0.0,0,1740588142358,134,0.0
1740588142,31.509,31.528,0.0,0,1740588142663,134,0.0
1740588142,31.511,31.53,0.0,0,1740588142995,134,0.0
1740588143,31.51,31.529,0.0,0,1740588143325,134,0.0
1740588143,31.509,31.528,0.0,0,1740588143984,134,0.0
1740588144,31.507,31.526,0.0,0,1740588144984,134,0.0
1740588145,31.505,31.524,0.0,0,1740588145965,134,0.0
1740588145,31.506,31.525,0.0,0,1740588145994,134,0.0
1740588146,31.507,31.526,0.0,0,1740588146297,134,0.0
1740588147,31.51,31.529,0.0,0,1740588147285,134,0.0
1740588147,31.507,31.526,0.0,0,1740588147615,134,0.0
1740588147,31.508,31.527,0.0,0,1740588147659,134,0.0
1740588147,31.518,31.537,0.0,0,1740588147947,134,0.0
1740588148,31.516,31.535,0.0,0,1740588148276,134,0.0
1740588148,31.515,31.534,0.0,0,1740588148327,134,0.0
1740588148,31.516,31.535,0.0,0,1740588148606,134,0.0
1740588148,31.514,31.533,0.0,0,1740588148937,134,0.0
1740588149,31.515,31.534,0.0,0,1740588149267,134,0.0
1740588149,31.513,31.532,0.0,0,1740588149596,134,0.0
1740588149,31.512,31.531,0.0,0,1740588149732,134,0.0
1740588149,31.51,31.529,0.0,0,1740588149928,134,0.0
1740588150,31.511,31.53,0.0,0,1740588150257,134,0.0
1740588150,31.51,31.529,0.0,0,1740588150917,134,0.0
1740588151,31.511,31.53,0.0,0,1740588151608,134,0.0
1740588151,31.507,31.526,0.0,0,1740588151913,134,0.0
1740588152,31.506,31.525,0.0,0,1740588152899,134,0.0
1740588153,31.509,31.528,0.0,0,1740588153226,134,0.0
1740588153,31.51,31.529,0.0,0,1740588153882,134,0.0
1740588154,31.508,31.527,0.0,0,1740588154215,134,0.0
1740588154,31.509,31.528,0.0,0,1740588154546,134,0.0
1740588154,31.51,31.529,0.0,0,1740588154892,134,0.0
1740588155,31.509,31.528,0.0,0,1740588155247,134,0.0
1740588155,31.517,31.536,0.0,0,1740588155866,134,0.0
1740588155,31.52,31.539,0.0,0,1740588155904,134,0.0
1740588156,31.519,31.538,0.0,0,1740588156197,134,0.0
1740588156,31.523,31.542,0.0,0,1740588156526,134,0.0
1740588156,31.522,31.541,0.0,0,1740588156855,134,0.0
1740588157,31.521,31.54,0.0,0,1740588157186,134,0.0
1740588158,31.522,31.541,0.0,0,1740588158182,134,0.0
1740588158,31.524,31.543,0.0,0,1740588158839,134,0.0
1740588159,31.525,31.544,0.0,0,1740588159283,134,0.0
1740588159,31.524,31.543,0.0,0,1740588159497,134,0.0
1740588159,31.523,31.542,0.0,0,1740588159825,134,0.0
1740588160,31.524,31.543,0.0,0,1740588160156,134,0.0
1740588161,31.523,31.542,0.0,0,1740588161145,134,0.0
1740588161,31.524,31.543,0.0,0,1740588161162,134,0.0
1740588161,31.525,31.544,0.0,0,1740588161513,134,0.0
1740588161,31.524,31.543,0.0,0,1740588161806,134,0.0
1740588161,31.52,31.539,0.0,0,1740588161820,134,0.0
1740588163,31.519,31.538,0.0,0,1740588163127,134,0.0
1740588163,31.52,31.539,0.0,0,1740588163455,134,0.0
1740588163,31.521,31.54,0.0,0,1740588163490,134,0.0
1740588163,31.52,31.539,0.0,0,1740588163785,134,0.0
1740588164,31.519,31.538,0.0,0,1740588164118,134,0.0
1740588164,31.516,31.535,0.0,0,1740588164453,134,0.0
1740588165,31.517,31.536,0.0,0,1740588165106,134,0.0
1740588165,31.516,31.535,0.0,0,1740588165434,134,0.0
1740588166,31.517,31.536,0.0,0,1740588166756,134,0.0
1740588167,31.515,31.534,0.0,0,1740588167086,134,0.0
1740588167,31.516,31.535,0.0,0,1740588167801,134,0.0
1740588168,31.521,31.54,0.0,0,1740588168099,134,0.0
1740588168,31.52,31.539,0.0,0,1740588168407,134,0.0
1740588169,31.516,31.535,0.0,0,1740588169724,134,0.0
1740588170,31.518,31.537,0.0,0,1740588170056,134,0.0
1740588170,31.519,31.538,0.0,0,1740588170071,134,0.0
1740588170,31.516,31.535,0.0,0,1740588170385,134,0.0
1740588170,31.515,31.534,0.0,0,1740588170719,134,0.0
1740588170,31.516,31.535,0.0,0,1740588170730,134,0.0
1740588171,31.515,31.534,0.0,0,1740588171377,134,0.0
1740588172,31.507,31.526,0.0,0,1740588172695,134,0.0
1740588173,31.511,31.53,0.0,0,1740588173356,134,0.0
1740588173,31.509,31.528,0.0,0,1740588173683,134,0.0
1740588174,31.51,31.529,0.0,0,1740588174017,134,0.0
1740588174,31.509,31.528,0.0,0,1740588174063,134,0.0
1740588174,31.507,31.526,0.0,0,1740588174345,134,0.0
1740588175,31.506,31.525,0.0,0,1740588175007,134,0.0
1740588175,31.504,31.523,0.0,0,1740588175374,134,0.0
1740588175,31.502,31.521,0.0,0,1740588175666,134,0.0
1740588175,31.514,31.533,0.0,0,1740588175999,134,0.0
1740588176,31.513,31.532,0.0,0,1740588176325,134,0.0
1740588176,31.512,31.531,0.0,0,1740588176333,134,0.0
1740588176,31.511,31.53,0.0,0,1740588176656,134,0.0
1740588176,31.512,31.531,0.0,0,1740588176687,134,0.0
1740588176,31.51,31.529,0.0,0,1740588176989,134,0.0
1740588177,31.511,31.53,0.0,0,1740588177314,134,0.0
1740588178,31.503,31.522,0.0,0,1740588178309,134,0.0
1740588178,31.502,31.521,0.0,0,1740588178638,134,0.0
1740588179,31.507,31.526,0.0,0,1740588179625,134,0.0
1740588180,31.506,31.525,0.0,0,1740588180284,134,0.0
1740588180,31.505,31.524,0.0,0,1740588180633,134,0.0
1740588181,31.507,31.526,0.0,0,1740588181605,134,0.0
1740588181,31.509,31.528,0.0,0,1740588181646,134,0.0
1740588181,31.519,31.538,0.0,0,1740588181936,134,0.0
1740588181,31.517,31.536,0.0,0,1740588181945,134,0.0
1740588182,31.518,31.537,0.0,0,1740588182596,134,0.0
1740588182,31.517,31.536,0.0,0,1740588182610,134,0.0
1740588182,31.521,31.54,0.0,0,1740588182927,134,0.0
1740588183,31.522,31.541,0.0,0,1740588183256,134,0.0
1740588184,31.521,31.54,0.0,0,1740588184904,134,0.0
1740588184,31.52,31.539,0.0,0,1740588184927,134,0.0
1740588185,31.522,31.541,0.0,0,1740588185239,134,0.0
1740588185,31.518,31.537,0.0,0,1740588185566,134,0.0
1740588186,31.517,31.536,0.0,0,1740588186554,134,0.0
1740588186,31.518,31.537,0.0,0,1740588186886,134,0.0
1740588187,31.517,31.536,0.0,0,1740588187248,134,0.0
1740588187,31.518,31.537,0.0,0,1740588187545,134,0.0
1740588188,31.517,31.536,0.0,0,1740588188208,134,0.0
1740588188,31.518,31.537,0.0,0,1740588188535,134,0.0
1740588188,31.517,31.536,0.0,0,1740588188863,134,0.0
1740588189,31.518,31.537,0.0,0,1740588189195,134,0.0
1740588189,31.517,31.536,0.0,0,1740588189855,134,0.0
1740588190,31.515,31.534,0.0,0,1740588190186,134,0.0
1740588190,31.513,31.532,0.0,0,1740588190523,134,0.0
1740588191,31.514,31.533,0.0,0,1740588191505,134,0.0
1740588191,31.505,31.524,0.0,0,1740588191544,134,0.0
1740588191,31.503,31.522,0.0,0,1740588191834,134,0.0
1740588192,31.5,31.519,0.0,0,1740588192169,134,0.0
1740588192,31.499,31.518,0.0,0,1740588192494,134,0.0
1740588192,31.503,31.522,0.0,0,1740588192824,134,0.0
1740588192,31.504,31.523,0.0,0,1740588192862,134,0.0
1740588193,31.503,31.522,0.0,0,1740588193484,134,0.0
1740588194,31.505,31.524,0.0,0,1740588194148,134,0.0
1740588195,31.509,31.528,0.0,0,1740588195139,134,0.0
1740588195,31.51,31.529,0.0,0,1740588195796,134,0.0
1740588196,31.512,31.531,0.0,0,1740588196786,134,0.0
1740588197,31.514,31.533,0.0,0,1740588197116,134,0.0
1740588197,31.517,31.536,0.0,0,1740588197444,134,0.0
1740588197,31.518,31.537,0.0,0,1740588197778,134,0.0
1740588198,31.52,31.539,0.0,0,1740588198110,134,0.0
1740588198,31.521,31.54,0.0,0,1740588198124,134,0.0
1740588198,31.52,31.539,0.0,0,1740588198433,134,0.0
1740588199,31.521,31.54,0.0,0,1740588199755,134,0.0
1740588200,31.522,31.541,0.0,0,1740588200086,134,0.0
1740588200,31.52,31.539,0.0,0,1740588200417,134,0.0
1740588201,31.521,31.54,0.0,0,1740588201407,134,0.0
1740588201,31.523,31.542,0.0,0,1740588201410,134,0.0
1740588201,31.522,31.541,0.0,0,1740588201735,134,0.0
1740588202,31.512,31.531,0.0,0,1740588202071,134,0.0
1740588202,31.511,31.53,0.0,0,1740588202419,134,0.0
1740588202,31.512,31.531,0.0,0,1740588202727,134,0.0
1740588203,31.513,31.532,0.0,0,1740588203385,134,0.0
1740588203,31.512,31.531,0.0,0,1740588203713,134,0.0
1740588204,31.513,31.532,0.0,0,1740588204045,134,0.0
1740588204,31.517,31.536,0.0,0,1740588204396,134,0.0
1740588204,31.519,31.538,0.0,0,1740588204706,134,0.0
1740588205,31.518,31.537,0.0,0,1740588205368,134,0.0
1740588205,31.519,31.538,0.0,0,1740588205699,134,0.0
1740588206,31.517,31.536,0.0,0,1740588206027,134,0.0
1740588206,31.515,31.534,0.0,0,1740588206061,134,0.0
1740588207,31.516,31.535,0.0,0,1740588207016,134,0.0
1740588207,31.514,31.533,0.0,0,1740588207020,134,0.0
1740588207,31.518,31.537,0.0,0,1740588207344,134,0.0
1740588207,31.516,31.535,0.0,0,1740588207377,134,0.0
1740588207,31.519,31.538,0.0,0,1740588207678,134,0.0
1740588208,31.523,31.542,0.0,0,1740588208005,134,0.0
1740588208,31.52,31.539,0.0,0,1740588208340,134,0.0
1740588208,31.519,31.538,0.0,0,1740588208997,134,0.0
1740588209,31.518,31.537,0.0,0,1740588209040,134,0.0
1740588209,31.517,31.536,0.0,0,1740588209999,134,0.0
1740588210,31.518,31.537,0.0,0,1740588210315,134,0.0
1740588210,31.52,31.539,0.0,0,1740588210657,134,0.0
1740588211,31.523,31.542,0.0,0,1740588211312,134,0.0
1740588211,31.52,31.539,0.0,0,1740588211636,134,0.0
1740588213,31.521,31.54,0.0,0,1740588213617,134,0.0
1740588213,31.522,31.541,0.0,0,1740588213949,134,0.0
1740588214,31.521,31.54,0.0,0,1740588214647,134,0.0
1740588215,31.527,31.545,0.0,0,1740588215925,134,0.0
1740588215,31.529,31.547,0.0,0,1740588215959,134,0.0
1740588216,31.531,31.55,0.0,0,1740588216257,134,0.0
1740588216,31.535,31.554,0.0,0,1740588216920,134,0.0
1740588216,31.536,31.555,0.0,0,1740588216923,134,0.0
1740588217,31.538,31.557,0.0,0,1740588217246,134,0.0
1740588217,31.536,31.555,0.0,0,1740588217579,134,0.0
1740588217,31.537,31.556,0.0,0,1740588217906,134,0.0
1740588218,31.536,31.555,0.0,0,1740588218235,134,0.0
1740588218,31.538,31.557,0.0,0,1740588218565,134,0.0
1740588218,31.541,31.56,0.0,0,1740588218894,134,0.0
1740588219,31.538,31.557,0.0,0,1740588219224,134,0.0
1740588219,31.54,31.559,0.0,0,1740588219247,134,0.0
1740588219,31.539,31.558,0.0,0,1740588219885,134,0.0
1740588220,31.541,31.56,0.0,0,1740588220216,134,0.0
1740588220,31.542,31.561,0.0,0,1740588220877,134,0.0
1740588220,31.54,31.559,0.0,0,1740588220912,134,0.0
1740588221,31.541,31.56,0.0,0,1740588221205,134,0.0
1740588222,31.545,31.563,0.0,0,1740588222197,134,0.0
1740588222,31.545,31.564,0.0,0,1740588222226,4,0.0
1740588223,31.542,31.56,0.0,0,1740588223515,134,0.0
1740588224,31.54,31.558,0.0,0,1740588224506,134,0.0
1740588224,31.538,31.557,0.0,0,1740588224833,134,0.0
1740588225,31.537,31.555,0.0,0,1740588225167,134,0.0
1740588225,31.538,31.556,0.0,0,1740588225208,134,0.0
1740588225,31.537,31.556,0.0,0,1740588225495,130,0.0
1740588225,31.537,31.555,0.0,0,1740588225512,4,0.0
1740588225,31.534,31.553,0.0,0,1740588225822,134,0.0
1740588226,31.535,31.554,0.0,0,1740588226157,134,0.0
1740588226,31.533,31.552,0.0,0,1740588226171,134,0.0
1740588226,31.533,31.551,0.0,0,1740588226814,4,0.0
1740588227,31.533,31.552,0.0,0,1740588227145,4,0.0
1740588227,31.535,31.554,0.0,0,1740588227806,134,0.0
1740588228,31.531,31.549,0.0,0,1740588228136,134,0.0
1740588228,31.53,31.549,0.0,0,1740588228148,130,0.0
1740588228,31.532,31.551,0.0,0,1740588228502,134,0.0
1740588228,31.528,31.547,0.0,0,1740588228795,134,0.0
1740588229,31.528,31.546,0.0,0,1740588229816,4,0.0
1740588230,31.539,31.557,0.0,0,1740588230113,134,0.0
1740588231,31.555,31.573,0.0,0,1740588231434,134,0.0
1740588231,31.552,31.571,0.0,0,1740588231438,134,0.0
1740588231,31.56,31.579,0.0,0,1740588231764,134,0.0
1740588231,31.561,31.58,0.0,0,1740588231792,134,0.0
1740588233,31.562,31.581,0.0,0,1740588233115,134,0.0
1740588233,31.561,31.58,0.0,0,1740588233417,134,0.0
1740588233,31.566,31.585,0.0,0,1740588233744,134,0.0
1740588233,31.565,31.584,0.0,0,1740588233770,134,0.0
1740588234,31.57,31.589,0.0,0,1740588234076,134,0.0
1740588234,31.571,31.59,0.0,0,1740588234406,134,0.0
1740588234,31.569,31.588,0.0,0,1740588234427,134,0.0
1740588234,31.57,31.589,0.0,0,1740588234734,134,0.0
1740588235,31.571,31.59,0.0,0,1740588235067,134,0.0
1740588236,31.57,31.589,0.0,0,1740588236385,134,0.0
1740588237,31.571,31.59,0.0,0,1740588237704,134,0.0
1740588239,31.572,31.591,0.0,0,1740588239353,134,0.0
1740588239,31.573,31.592,0.0,0,1740588239683,134,0.0
1740588240,31.573,31.592,0.0,0,1740588240015,130,0.0
1740588240,31.572,31.591,0.0,0,1740588240039,134,0.0
1740588240,31.571,31.59,0.0,0,1740588240345,134,0.0
1740588240,31.57,31.589,0.0,0,1740588240674,134,0.0
1740588241,31.572,31.591,0.0,0,1740588241007,134,0.0
1740588241,31.575,31.594,0.0,0,1740588241338,134,0.0
1740588241,31.574,31.593,0.0,0,1740588241666,134,0.0
1740588241,31.575,31.594,0.0,0,1740588241995,134,0.0
1740588242,31.576,31.595,0.0,0,1740588242325,134,0.0
1740588242,31.571,31.59,0.0,0,1740588242656,134,0.0
1740588242,31.573,31.592,0.0,0,1740588242985,134,0.0
1740588244,31.572,31.591,0.0,0,1740588244304,134,0.0
1740588244,31.573,31.592,0.0,0,1740588244634,134,0.0
1740588245,31.57,31.589,0.0,0,1740588245297,134,0.0
1740588245,31.572,31.591,0.0,0,1740588245298,134,0.0
1740588245,31.57,31.589,0.0,0,1740588245652,134,0.0
1740588245,31.572,31.591,0.0,0,1740588245958,134,0.0
1740588246,31.575,31.594,0.0,0,1740588246285,134,0.0
1740588246,31.576,31.595,0.0,0,1740588246304,134,0.0
1740588246,31.573,31.592,0.0,0,1740588246616,134,0.0
1740588246,31.572,31.591,0.0,0,1740588246944,134,0.0
1740588247,31.576,31.595,0.0,0,1740588247936,134,0.0
1740588248,31.576999999999998,31.596,0.0,0,1740588248266,134,0.0
1740588248,31.578,31.597,0.0,0,1740588248923,134,0.0
1740588249,31.581,31.6,0.0,0,1740588249254,134,0.0
1740588250,31.579,31.598,0.0,0,1740588250246,134,0.0
1740588251,31.585,31.604,0.0,0,1740588251233,134,0.0
1740588251,31.586,31.605,0.0,0,1740588251896,134,0.0
1740588251,31.585,31.604,0.0,0,1740588251913,134,0.0
1740588252,31.586,31.605,0.0,0,1740588252225,134,0.0
1740588252,31.587,31.606,0.0,0,1740588252262,134,0.0
1740588252,31.588,31.607,0.0,0,1740588252554,134,0.0
1740588253,31.586,31.605,0.0,0,1740588253214,134,0.0
1740588253,31.588,31.607,0.0,0,1740588253225,134,0.0
1740588253,31.587,31.606,0.0,0,1740588253544,134,0.0
1740588253,31.575,31.594,0.0,0,1740588253874,134,0.0
1740588254,31.572,31.591,0.0,0,1740588254203,134,0.0
1740588254,31.573,31.593,0.0,0,1740588254535,134,0.0
1740588254,31.576,31.596,0.0,0,1740588254543,134,0.0
1740588254,31.575,31.595,0.0,0,1740588254895,134,0.0
1740588255,31.576,31.596,0.0,0,1740588255525,134,0.0
1740588256,31.575,31.595,0.0,0,1740588256562,134,0.0
1740588257,31.576999999999998,31.596,0.0,0,1740588257173,134,0.0
1740588258,31.576999999999998,31.597,0.0,0,1740588258164,4,0.0
1740588258,31.578,31.597,0.0,0,1740588258494,130,0.0
1740588261,31.573,31.592,0.0,0,1740588261136,134,0.0
1740588261,31.574,31.593,0.0,0,1740588261463,134,0.0
1740588261,31.576,31.595,0.0,0,1740588261795,134,0.0
1740588262,31.569,31.588,0.0,0,1740588262454,134,0.0
1740588262,31.57,31.589,0.0,0,1740588262482,134,0.0
1740588262,31.571,31.59,0.0,0,1740588262785,134,0.0
1740588263,31.573,31.592,0.0,0,1740588263114,134,0.0
1740588263,31.569,31.588,0.0,0,1740588263775,134,0.0
1740588264,31.57,31.589,0.0,0,1740588264105,134,0.0
1740588264,31.569,31.588,0.0,0,1740588264106,134,0.0
1740588264,31.57,31.589,0.0,0,1740588264433,134,0.0
1740588264,31.573,31.592,0.0,0,1740588264455,134,0.0
1740588264,31.572,31.591,0.0,0,1740588264765,134,0.0
1740588265,31.569,31.588,0.0,0,1740588265095,134,0.0
1740588265,31.573,31.592,0.0,0,1740588265426,134,0.0
1740588266,31.569,31.588,0.0,0,1740588266415,134,0.0
1740588268,31.56,31.579,0.0,0,1740588268065,134,0.0
1740588268,31.561,31.58,0.0,0,1740588268095,134,0.0
1740588269,31.566,31.585,0.0,0,1740588269385,134,0.0
1740588269,31.567,31.586,0.0,0,1740588269408,134,0.0
1740588269,31.564,31.583,0.0,0,1740588269713,134,0.0
1740588270,31.567,31.586,0.0,0,1740588270044,134,0.0
1740588272,31.567,31.585,0.0,0,1740588272043,4,0.0
1740588272,31.571,31.59,0.0,0,1740588272354,134,0.0
1740588273,31.569,31.588,0.0,0,1740588273346,134,0.0
1740588274,31.572,31.59,0.0,0,1740588274335,134,0.0
1740588274,31.57,31.588,0.0,0,1740588274994,134,0.0
1740588275,31.569,31.587,0.0,0,1740588275654,134,0.0
1740588275,31.568,31.587,0.0,0,1740588275985,130,0.0
1740588276,31.569,31.587,0.0,0,1740588276032,130,0.0
1740588276,31.566,31.585,0.0,0,1740588276313,134,0.0
1740588276,31.568,31.587,0.0,0,1740588276334,134,0.0
1740588276,31.568,31.586,0.0,0,1740588276689,4,0.0
1740588276,31.566,31.585,0.0,0,1740588276974,134,0.0
1740588276,31.567,31.585,0.0,0,1740588276992,130,0.0
1740588277,31.567,31.586,0.0,0,1740588277634,4,0.0
1740588277,31.566,31.584,0.0,0,1740588277661,134,0.0
1740588277,31.568,31.586,0.0,0,1740588277965,134,0.0
1740588280,31.566,31.584,0.0,0,1740588280277,134,0.0
1740588280,31.567,31.584,0.0,0,1740588280606,130,0.0
1740588281,31.566,31.584,0.0,0,1740588281263,130,0.0
1740588282,31.562,31.58,0.0,0,1740588282258,134,0.0
1740588282,31.564,31.582,0.0,0,1740588282260,134,0.0
1740588282,31.567,31.585,0.0,0,1740588282584,134,0.0
1740588283,31.565,31.582,0.0,0,1740588283578,134,0.0
1740588284,31.567,31.584,0.0,0,1740588284235,134,0.0
1740588284,31.567,31.585,0.0,0,1740588284566,4,0.0
1740588284,31.569,31.587,0.0,0,1740588284894,134,0.0
1740588285,31.568,31.585,0.0,0,1740588285225,134,0.0
1740588285,31.565,31.582,0.0,0,1740588285553,134,0.0
1740588285,31.563,31.581,0.0,0,1740588285595,134,0.0
1740588286,31.568,31.586,0.0,0,1740588286876,134,0.0
1740588286,31.568,31.585,0.0,0,1740588286908,4,0.0
1740588287,31.567,31.584,0.0,0,1740588287564,134,0.0
1740588289,31.572,31.589,0.0,0,1740588289186,134,0.0
1740588289,31.572,31.59,0.0,0,1740588289843,4,0.0
1740588290,31.57,31.587,0.0,0,1740588290504,134,0.0
1740588291,31.569,31.586,0.0,0,1740588291826,134,0.0
1740588294,31.57,31.586,0.0,0,1740588294133,130,0.0
1740588294,31.572,31.589,0.0,0,1740588294843,134,0.0
1740588295,31.57,31.587,0.0,0,1740588295459,134,0.0
1740588295,31.573,31.59,0.0,0,1740588295785,134,0.0
1740588296,31.57,31.586,0.0,0,1740588296445,134,0.0
1740588298,31.571,31.587,0.0,0,1740588298423,134,0.0
1740588298,31.574,31.59,0.0,0,1740588298755,134,0.0
1740588298,31.573,31.589,0.0,0,1740588298784,134,0.0
1740588300,31.576999999999998,31.593,0.0,0,1740588300077,134,0.0
1740588300,31.581,31.597,0.0,0,1740588300733,134,0.0
1740588300,31.584,31.6,0.0,0,1740588300805,134,0.0
1740588301,31.587,31.603,0.0,0,1740588301068,134,0.0
1740588301,31.59,31.606,0.0,0,1740588301392,134,0.0
1740588301,31.589,31.606,0.0,0,1740588301427,130,0.0
1740588301,31.599,31.616,0.0,0,1740588301723,134,0.0
1740588302,31.603,31.62,0.0,0,1740588302052,134,0.0
1740588302,31.604,31.621,0.0,0,1740588302075,134,0.0
1740588302,31.604,31.622,0.0,0,1740588302384,4,0.0
1740588302,31.606,31.623,0.0,0,1740588302715,134,0.0
1740588302,31.605,31.622,0.0,0,1740588302730,134,0.0
1740588303,31.61,31.628,0.0,0,1740588303045,134,0.0
1740588303,31.611,31.63,0.0,0,1740588303084,134,0.0
1740588303,31.613,31.631,0.0,0,1740588303375,134,0.0
1740588303,31.61,31.629,0.0,0,1740588303704,134,0.0
1740588303,31.611,31.629,0.0,0,1740588303741,130,0.0
1740588304,31.605,31.624,0.0,0,1740588304035,134,0.0
1740588304,31.606,31.624,0.0,0,1740588304044,130,0.0
1740588304,31.605,31.623,0.0,0,1740588304367,134,0.0
1740588304,31.606,31.624,0.0,0,1740588304398,134,0.0
1740588304,31.607,31.625,0.0,0,1740588304692,134,0.0
1740588305,31.61,31.629,0.0,0,1740588305025,134,0.0
1740588305,31.614,31.632,0.0,0,1740588305353,134,0.0
1740588305,31.613,31.632,0.0,0,1740588305363,130,0.0
1740588305,31.61,31.628,0.0,0,1740588305685,134,0.0
1740588305,31.609,31.628,0.0,0,1740588305715,130,0.0
1740588306,31.609,31.627,0.0,0,1740588306020,4,0.0
1740588306,31.609,31.628,0.0,0,1740588306025,4,0.0
1740588306,31.61,31.629,0.0,0,1740588306343,134,0.0
1740588306,31.611,31.63,0.0,0,1740588306375,134,0.0
1740588306,31.609,31.628,0.0,0,1740588306673,134,0.0
1740588307,31.605,31.624,0.0,0,1740588307663,134,0.0
1740588308,31.604,31.623,0.0,0,1740588308323,134,0.0
1740588308,31.602,31.621,0.0,0,1740588308985,134,0.0
1740588309,31.6,31.619,0.0,0,1740588309006,134,0.0
1740588309,31.601,31.62,0.0,0,1740588309315,134,0.0
1740588309,31.602,31.621,0.0,0,1740588309645,134,0.0
1740588309,31.601,31.62,0.0,0,1740588309975,134,0.0
1740588310,31.602,31.62,0.0,0,1740588310978,130,0.0
1740588311,31.6,31.619,0.0,0,1740588311295,134,0.0
1740588311,31.601,31.62,0.0,0,1740588311331,134,0.0
1740588311,31.601,31.619,0.0,0,1740588311623,4,0.0
1740588311,31.602,31.621,0.0,0,1740588311956,134,0.0
1740588312,31.603,31.622,0.0,0,1740588312285,134,0.0
1740588312,31.604,31.623,0.0,0,1740588312945,134,0.0
1740588313,31.598,31.617,0.0,0,1740588313278,134,0.0
1740588313,31.595,31.614,0.0,0,1740588313304,134,0.0
1740588313,31.597,31.616,0.0,0,1740588313605,134,0.0
1740588313,31.596,31.614,0.0,0,1740588313935,134,0.0
1740588314,31.597,31.615,0.0,0,1740588314263,134,0.0
1740588314,31.596,31.615,0.0,0,1740588314594,130,0.0
1740588314,31.597,31.615,0.0,0,1740588314925,130,0.0
1740588315,31.596,31.615,0.0,0,1740588315253,130,0.0
1740588315,31.597,31.615,0.0,0,1740588315585,130,0.0
1740588315,31.596,31.614,0.0,0,1740588315630,134,0.0
1740588315,31.597,31.615,0.0,0,1740588315916,134,0.0
1740588316,31.596,31.614,0.0,0,1740588316243,134,0.0
1740588316,31.596,31.615,0.0,0,1740588316906,4,0.0
1740588317,31.596,31.614,0.0,0,1740588317235,4,0.0
1740588317,31.597,31.615,0.0,0,1740588317564,134,0.0
1740588317,31.596,31.614,0.0,0,1740588317893,134,0.0
1740588318,31.605,31.623,0.0,0,1740588318884,134,0.0
1740588319,31.602,31.619,0.0,0,1740588319543,134,0.0
1740588319,31.599,31.616,0.0,0,1740588319875,134,0.0
1740588319,31.599,31.617,0.0,0,1740588319878,4,0.0
1740588320,31.602,31.62,0.0,0,1740588320536,134,0.0
1740588320,31.601,31.619,0.0,0,1740588320864,134,0.0
1740588320,31.603,31.621,0.0,0,1740588320888,134,0.0
1740588321,31.605,31.622,0.0,0,1740588321190,134,0.0
1740588321,31.606,31.623,0.0,0,1740588321522,134,0.0
1740588321,31.607,31.625,0.0,0,1740588321543,134,0.0
1740588321,31.606,31.624,0.0,0,1740588321855,134,0.0
1740588322,31.605,31.623,0.0,0,1740588322185,134,0.0
1740588322,31.605,31.622,0.0,0,1740588322202,4,0.0
1740588322,31.608,31.625,0.0,0,1740588322846,134,0.0
1740588323,31.607,31.625,0.0,0,1740588323505,130,0.0
1740588323,31.609,31.627,0.0,0,1740588323833,134,0.0
1740588324,31.607,31.625,0.0,0,1740588324497,134,0.0
1740588324,31.608,31.625,0.0,0,1740588324523,130,0.0
1740588324,31.607,31.624,0.0,0,1740588324826,134,0.0
1740588325,31.607,31.625,0.0,0,1740588325155,4,0.0
1740588325,31.602,31.62,0.0,0,1740588325486,134,0.0
1740588326,31.604,31.621,0.0,0,1740588326143,134,0.0
1740588326,31.601,31.618,0.0,0,1740588326475,134,0.0
1740588326,31.6,31.618,0.0,0,1740588326490,130,0.0
1740588326,31.603,31.621,0.0,0,1740588326803,134,0.0
1740588326,31.601,31.619,0.0,0,1740588326806,134,0.0
1740588327,31.597,31.615,0.0,0,1740588327134,134,0.0
1740588327,31.598,31.615,0.0,0,1740588327465,130,0.0
1740588327,31.597,31.615,0.0,0,1740588327499,130,0.0
1740588327,31.599,31.617,0.0,0,1740588327794,134,0.0
1740588328,31.598,31.615,0.0,0,1740588328123,134,0.0
1740588328,31.602,31.619,0.0,0,1740588328156,134,0.0
1740588328,31.601,31.619,0.0,0,1740588328785,130,0.0
1740588329,31.603,31.62,0.0,0,1740588329447,134,0.0
1740588329,31.605,31.622,0.0,0,1740588329516,134,0.0
1740588329,31.606,31.623,0.0,0,1740588329775,134,0.0
1740588330,31.606,31.624,0.0,0,1740588330106,4,0.0
1740588330,31.606,31.623,0.0,0,1740588330434,4,0.0
1740588330,31.607,31.624,0.0,0,1740588330437,134,0.0
1740588330,31.606,31.623,0.0,0,1740588330790,134,0.0
1740588331,31.61,31.628,0.0,0,1740588331096,134,0.0
1740588331,31.61,31.627,0.0,0,1740588331423,4,0.0
1740588332,31.611,31.628,0.0,0,1740588332417,134,0.0
1740588332,31.612,31.629,0.0,0,1740588332743,134,0.0
1740588333,31.613,31.63,0.0,0,1740588333405,134,0.0
1740588333,31.614,31.631,0.0,0,1740588333732,134,0.0
1740588334,31.611,31.628,0.0,0,1740588334064,134,0.0
1740588336,31.607,31.624,0.0,0,1740588336045,134,0.0
1740588336,31.61,31.626,0.0,0,1740588336049,134,0.0
1740588336,31.609,31.626,0.0,0,1740588336704,130,0.0
1740588337,31.611,31.627,0.0,0,1740588337059,134,0.0
1740588337,31.611,31.628,0.0,0,1740588337365,4,0.0
1740588338,31.612,31.629,0.0,0,1740588338027,134,0.0
1740588338,31.613,31.629,0.0,0,1740588338033,130,0.0
1740588338,31.616,31.632,0.0,0,1740588338355,134,0.0
1740588338,31.614,31.63,0.0,0,1740588338684,134,0.0
1740588338,31.612,31.628,0.0,0,1740588338687,134,0.0
1740588339,31.612,31.629,0.0,0,1740588339012,4,0.0
1740588339,31.612,31.628,0.0,0,1740588339038,4,0.0
1740588340,31.619,31.635,0.0,0,1740588340334,134,0.0
1740588340,31.616,31.632,0.0,0,1740588340663,134,0.0
1740588341,31.613,31.629,0.0,0,1740588341323,134,0.0
1740588341,31.612,31.629,0.0,0,1740588341367,130,0.0
1740588341,31.612,31.628,0.0,0,1740588341656,4,0.0
1740588341,31.612,31.629,0.0,0,1740588341674,4,0.0
1740588341,31.613,31.629,0.0,0,1740588341986,130,0.0
1740588342,31.611,31.628,0.0,0,1740588342024,134,0.0
1740588342,31.613,31.63,0.0,0,1740588342643,134,0.0
1740588342,31.615,31.631,0.0,0,1740588342973,134,0.0
1740588342,31.616,31.633,0.0,0,1740588342986,134,0.0
1740588343,31.613,31.629,0.0,0,1740588343306,134,0.0
1740588344,31.614,31.63,0.0,0,1740588344296,134,0.0
1740588344,31.615,31.631,0.0,0,1740588344625,134,0.0
1740588345,31.616,31.632,0.0,0,1740588345285,134,0.0
1740588345,31.615,31.631,0.0,0,1740588345613,134,0.0
1740588345,31.614,31.63,0.0,0,1740588345616,134,0.0
1740588345,31.615,31.631,0.0,0,1740588345944,134,0.0
1740588346,31.618,31.634,0.0,0,1740588346281,134,0.0
1740588346,31.617,31.633,0.0,0,1740588346601,134,0.0
1740588346,31.615,31.632,0.0,0,1740588346629,134,0.0
1740588346,31.617,31.633,0.0,0,1740588346935,134,0.0
1740588347,31.616,31.632,0.0,0,1740588347264,134,0.0
1740588349,31.617,31.632,0.0,0,1740588349575,130,0.0
1740588349,31.617,31.633,0.0,0,1740588349908,4,0.0
1740588349,31.621,31.637,0.0,0,1740588349915,134,0.0
1740588350,31.622,31.638,0.0,0,1740588350236,134,0.0
1740588350,31.625,31.64,0.0,0,1740588350893,134,0.0
1740588351,31.624,31.64,0.0,0,1740588351224,130,0.0
1740588351,31.625,31.641,0.0,0,1740588351584,134,0.0
1740588351,31.626,31.642,0.0,0,1740588351883,134,0.0
1740588351,31.625,31.641,0.0,0,1740588351888,134,0.0
1740588352,31.625,31.64,0.0,0,1740588352214,4,0.0
1740588352,31.625,31.641,0.0,0,1740588352541,4,0.0
1740588352,31.624,31.64,0.0,0,1740588352546,134,0.0
1740588352,31.626,31.642,0.0,0,1740588352875,134,0.0
1740588353,31.626,31.641,0.0,0,1740588353205,4,0.0
1740588353,31.626,31.642,0.0,0,1740588353208,4,0.0
1740588353,31.625,31.641,0.0,0,1740588353861,134,0.0
1740588354,31.626,31.641,0.0,0,1740588354218,130,0.0
1740588354,31.626,31.642,0.0,0,1740588354852,4,0.0
1740588355,31.632,31.647,0.0,0,1740588355185,134,0.0
1740588355,31.631,31.646,0.0,0,1740588355514,134,0.0
1740588355,31.637,31.653,0.0,0,1740588355533,134,0.0
1740588355,31.632,31.648,0.0,0,1740588355845,134,0.0
1740588356,31.63,31.646,0.0,0,1740588356173,134,0.0
1740588356,31.631,31.647,0.0,0,1740588356194,134,0.0
1740588356,31.633,31.648,0.0,0,1740588356505,134,0.0
1740588356,31.635,31.651,0.0,0,1740588356833,134,0.0
1740588357,31.635,31.65,0.0,0,1740588357164,4,0.0
1740588357,31.634,31.649,0.0,0,1740588357493,134,0.0
1740588357,31.635,31.651,0.0,0,1740588357821,134,0.0
1740588358,31.634,31.65,0.0,0,1740588358153,134,0.0
1740588358,31.633,31.649,0.0,0,1740588358167,134,0.0
1740588358,31.635,31.65,0.0,0,1740588358481,134,0.0
1740588358,31.634,31.649,0.0,0,1740588358814,134,0.0
1740588358,31.635,31.65,0.0,0,1740588358825,134,0.0
1740588359,31.634,31.649,0.0,0,1740588359140,134,0.0
1740588359,31.632,31.647,0.0,0,1740588359473,134,0.0
1740588359,31.634,31.649,0.0,0,1740588359480,134,0.0
1740588359,31.636,31.651,0.0,0,1740588359806,134,0.0
1740588360,31.635,31.65,0.0,0,1740588360131,134,0.0
1740588360,31.634,31.649,0.0,0,1740588360145,134,0.0
1740588360,31.633,31.649,0.0,0,1740588360465,130,0.0
1740588360,31.632,31.647,0.0,0,1740588360794,134,0.0
1740588360,31.631,31.646,0.0,0,1740588360802,134,0.0
1740588361,31.633,31.648,0.0,0,1740588361124,134,0.0
1740588361,31.636,31.651,0.0,0,1740588361454,134,0.0
1740588361,31.635,31.65,0.0,0,1740588361780,134,0.0
1740588362,31.636,31.651,0.0,0,1740588362116,134,0.0
1740588362,31.635,31.65,0.0,0,1740588362443,134,0.0
1740588362,31.636,31.651,0.0,0,1740588362774,134,0.0
1740588363,31.635,31.65,0.0,0,1740588363103,134,0.0
1740588363,31.636,31.651,0.0,0,1740588363125,134,0.0
1740588363,31.634,31.649,0.0,0,1740588363433,134,0.0
1740588363,31.636,31.651,0.0,0,1740588363764,134,0.0
1740588364,31.636,31.65,0.0,0,1740588364093,4,0.0
1740588364,31.637,31.652,0.0,0,1740588364422,134,0.0
1740588364,31.636,31.65,0.0,0,1740588364440,134,0.0
1740588364,31.635,31.65,0.0,0,1740588364752,130,0.0
1740588365,31.632,31.647,0.0,0,1740588365084,134,0.0
1740588365,31.634,31.649,0.0,0,1740588365100,134,0.0
1740588365,31.633,31.647,0.0,0,1740588365413,134,0.0
1740588365,31.633,31.648,0.0,0,1740588365744,4,0.0
1740588366,31.632,31.647,0.0,0,1740588366073,134,0.0
1740588366,31.627,31.642,0.0,0,1740588366400,134,0.0
1740588366,31.628,31.642,0.0,0,1740588366414,130,0.0
1740588366,31.626,31.641,0.0,0,1740588366732,134,0.0
1740588367,31.623,31.638,0.0,0,1740588367060,134,0.0
1740588367,31.622,31.638,0.0,0,1740588367071,130,0.0
1740588367,31.619,31.634,0.0,0,1740588367395,134,0.0
1740588367,31.621,31.636,0.0,0,1740588367723,134,0.0
1740588367,31.618,31.633,0.0,0,1740588367729,134,0.0
1740588368,31.617,31.633,0.0,0,1740588368080,130,0.0
