time,bid,ask,last,volume,time_msc,flags,volume_real
1740580751,1.04901,1.0491,0.0,0,1740580751984,134,0.0
1740580751,1.04904,1.04913,0.0,0,1740580751989,134,0.0
1740580751,1.04906,1.04915,0.0,0,1740580751999,134,0.0
1740580752,1.04907,1.04916,0.0,0,1740580752002,134,0.0
1740580752,1.04909,1.04918,0.0,0,1740580752045,134,0.0
1740580752,1.04911,1.0492,0.0,0,1740580752060,134,0.0
1740580753,1.04912,1.04921,0.0,0,1740580753268,134,0.0
1740580754,1.04911,1.0492,0.0,0,1740580754317,134,0.0
1740580756,1.04909,1.04918,0.0,0,1740580756170,134,0.0
1740580756,1.04907,1.04916,0.0,0,1740580756187,134,0.0
1740580756,1.04905,1.04914,0.0,0,1740580756207,134,0.0
1740580756,1.04903,1.04912,0.0,0,1740580756527,134,0.0
1740580756,1.04901,1.0491,0.0,0,1740580756839,134,0.0
1740580757,1.049,1.04909,0.0,0,1740580757155,134,0.0
1740580757,1.04899,1.04908,0.0,0,1740580757444,134,0.0
1740580757,1.04897,1.04906,0.0,0,1740580757469,134,0.0
1740580758,1.04894,1.04903,0.0,0,1740580758838,134,0.0
1740580760,1.04895,1.04904,0.0,0,1740580760957,134,0.0
1740580762,1.04896,1.04905,0.0,0,1740580762146,134,0.0
1740580766,1.04898,1.04907,0.0,0,1740580766582,134,0.0
1740580766,1.049,1.04909,0.0,0,1740580766663,134,0.0
1740580767,1.04901,1.0491,0.0,0,1740580767817,134,0.0
1740580769,1.049,1.04909,0.0,0,1740580769189,134,0.0
1740580770,1.04898,1.04907,0.0,0,1740580770332,134,0.0
1740580770,1.04896,1.04905,0.0,0,1740580770352,134,0.0
1740580770,1.04894,1.04903,0.0,0,1740580770426,134,0.0
1740580770,1.04893,1.04902,0.0,0,1740580770499,134,0.0
1740580770,1.04891,1.049,0.0,0,1740580770923,134,0.0
1740580771,1.0489,1.04899,0.0,0,1740580771982,134,0.0
1740580775,1.04888,1.04897,0.0,0,1740580775892,134,0.0
1740580777,1.04891,1.049,0.0,0,1740580777074,134,0.0
1740580777,1.04892,1.04901,0.0,0,1740580777104,134,0.0
1740580777,1.04894,1.04903,0.0,0,1740580777134,134,0.0
1740580777,1.04895,1.04904,0.0,0,1740580777146,134,0.0
1740580777,1.04897,1.04906,0.0,0,1740580777150,134,0.0
1740580777,1.04899,1.04908,0.0,0,1740580777187,134,0.0
1740580777,1.049,1.04909,0.0,0,1740580777237,134,0.0
1740580778,1.04898,1.04907,0.0,0,1740580778470,134,0.0
1740580779,1.04896,1.04905,0.0,0,1740580779353,134,0.0
1740580780,1.04898,1.04907,0.0,0,1740580780573,134,0.0
1740580781,1.04895,1.04904,0.0,0,1740580781490,134,0.0
1740580783,1.04896,1.04905,0.0,0,1740580783954,134,0.0
1740580784,1.04899,1.04908,0.0,0,1740580784160,134,0.0
1740580784,1.049,1.04909,0.0,0,1740580784668,134,0.0
1740580785,1.04898,1.04907,0.0,0,1740580785134,134,0.0
1740580786,1.04899,1.04908,0.0,0,1740580786213,134,0.0
1740580786,1.04897,1.04906,0.0,0,1740580786235,134,0.0
1740580786,1.04896,1.04905,0.0,0,1740580786264,134,0.0
1740580787,1.04893,1.04902,0.0,0,1740580787282,134,0.0
1740580787,1.04892,1.04901,0.0,0,1740580787322,134,0.0
1740580787,1.04895,1.04904,0.0,0,1740580787699,134,0.0
1740580788,1.04894,1.04903,0.0,0,1740580788787,134,0.0
1740580789,1.04895,1.04904,0.0,0,1740580789834,134,0.0
1740580790,1.04893,1.04902,0.0,0,1740580790531,134,0.0
1740580790,1.04895,1.04904,0.0,0,1740580790928,134,0.0
1740580791,1.04894,1.04903,0.0,0,1740580791950,134,0.0
1740580792,1.04896,1.04905,0.0,0,1740580792408,134,0.0
1740580792,1.04898,1.04907,0.0,0,1740580792427,134,0.0
1740580793,1.04895,1.04904,0.0,0,1740580793407,134,0.0
1740580795,1.04893,1.04902,0.0,0,1740580795946,134,0.0
1740580796,1.04891,1.049,0.0,0,1740580796474,134,0.0
1740580796,1.0489,1.04899,0.0,0,1740580796492,134,0.0
1740580796,1.04888,1.04897,0.0,0,1740580796523,134,0.0
1740580797,1.04889,1.04898,0.0,0,1740580797587,134,0.0
1740580798,1.04892,1.04901,0.0,0,1740580798820,134,0.0
1740580799,1.04889,1.04898,0.0,0,1740580799064,134,0.0
1740580800,1.04889,1.04898,0.0,0,1740580800075,130,0.0
1740580800,1.04891,1.049,0.0,0,1740580800343,134,0.0
1740580801,1.04889,1.04898,0.0,0,1740580801329,134,0.0
1740580802,1.04893,1.04902,0.0,0,1740580802105,134,0.0
1740580802,1.04895,1.04904,0.0,0,1740580802140,134,0.0
1740580802,1.04896,1.04905,0.0,0,1740580802520,134,0.0
1740580803,1.04895,1.04904,0.0,0,1740580803560,134,0.0
1740580804,1.04893,1.04902,0.0,0,1740580804243,134,0.0
1740580804,1.04891,1.049,0.0,0,1740580804324,134,0.0
1740580808,1.04892,1.04901,0.0,0,1740580808936,134,0.0
1740580809,1.0489,1.04899,0.0,0,1740580809948,134,0.0
1740580811,1.04892,1.04901,0.0,0,1740580811011,134,0.0
1740580811,1.04894,1.04903,0.0,0,1740580811118,134,0.0
1740580811,1.04895,1.04904,0.0,0,1740580811669,134,0.0
1740580812,1.04894,1.04903,0.0,0,1740580812693,134,0.0
1740580813,1.04892,1.04901,0.0,0,1740580813418,134,0.0
1740580813,1.0489,1.04899,0.0,0,1740580813917,134,0.0
1740580815,1.04891,1.049,0.0,0,1740580815000,134,0.0
1740580816,1.04889,1.04898,0.0,0,1740580816276,134,0.0
1740580816,1.04888,1.04897,0.0,0,1740580816522,134,0.0
1740580817,1.04889,1.04898,0.0,0,1740580817607,134,0.0
1740580817,1.04891,1.049,0.0,0,1740580817717,134,0.0
1740580818,1.04893,1.04902,0.0,0,1740580818707,134,0.0
1740580819,1.0489,1.04899,0.0,0,1740580819729,134,0.0
1740580820,1.04889,1.04898,0.0,0,1740580820742,134,0.0
1740580821,1.04888,1.04897,0.0,0,1740580821041,134,0.0
1740580822,1.0489,1.04899,0.0,0,1740580822111,134,0.0
1740580824,1.04889,1.04898,0.0,0,1740580824301,134,0.0
1740580824,1.04887,1.04896,0.0,0,1740580824617,134,0.0
1740580827,1.04885,1.04894,0.0,0,1740580827220,134,0.0
1740580828,1.04888,1.04897,0.0,0,1740580828087,134,0.0
1740580829,1.0489,1.04899,0.0,0,1740580829039,134,0.0
1740580829,1.04892,1.04901,0.0,0,1740580829098,134,0.0
1740580835,1.04891,1.049,0.0,0,1740580835521,134,0.0
1740580836,1.04893,1.04902,0.0,0,1740580836421,134,0.0
1740580836,1.04891,1.049,0.0,0,1740580836698,134,0.0
1740580836,1.04889,1.04898,0.0,0,1740580836741,134,0.0
1740580837,1.04888,1.04897,0.0,0,1740580837533,134,0.0
1740580839,1.04889,1.04898,0.0,0,1740580839560,134,0.0
1740580840,1.04891,1.049,0.0,0,1740580840793,134,0.0
1740580841,1.0489,1.04899,0.0,0,1740580841804,134,0.0
1740580843,1.04892,1.04901,0.0,0,1740580843748,134,0.0
1740580843,1.04894,1.04903,0.0,0,1740580843750,134,0.0
1740580843,1.04895,1.04904,0.0,0,1740580843790,134,0.0
1740580844,1.04896,1.04905,0.0,0,1740580844858,134,0.0
1740580845,1.04897,1.04906,0.0,0,1740580845367,134,0.0
1740580845,1.04899,1.04908,0.0,0,1740580845734,134,0.0
1740580846,1.04896,1.04905,0.0,0,1740580846550,134,0.0
1740580846,1.04894,1.04903,0.0,0,1740580846577,134,0.0
1740580846,1.04892,1.04901,0.0,0,1740580846639,134,0.0
1740580847,1.04891,1.049,0.0,0,1740580847274,134,0.0
1740580847,1.04889,1.04898,0.0,0,1740580847656,134,0.0
1740580848,1.04892,1.04901,0.0,0,1740580848392,134,0.0
1740580848,1.04894,1.04903,0.0,0,1740580848406,134,0.0
1740580848,1.04896,1.04905,0.0,0,1740580848458,134,0.0
1740580848,1.04898,1.04907,0.0,0,1740580848831,134,0.0
1740580848,1.04899,1.04908,0.0,0,1740580848852,134,0.0
1740580849,1.049,1.04909,0.0,0,1740580849563,134,0.0
1740580849,1.04901,1.0491,0.0,0,1740580849986,134,0.0
1740580851,1.04902,1.04911,0.0,0,1740580851181,134,0.0
1740580851,1.04899,1.04908,0.0,0,1740580851279,134,0.0
1740580852,1.04898,1.04907,0.0,0,1740580852677,134,0.0
1740580854,1.04899,1.04908,0.0,0,1740580854150,134,0.0
1740580854,1.04897,1.04906,0.0,0,1740580854770,134,0.0
1740580855,1.04896,1.04905,0.0,0,1740580855493,134,0.0
1740580856,1.04894,1.04903,0.0,0,1740580856317,134,0.0
1740580857,1.04895,1.04904,0.0,0,1740580857329,134,0.0
1740580860,1.04893,1.04902,0.0,0,1740580860465,134,0.0
1740580861,1.04892,1.04901,0.0,0,1740580861465,134,0.0
1740580861,1.04891,1.049,0.0,0,1740580861601,134,0.0
1740580861,1.04889,1.04898,0.0,0,1740580861661,134,0.0
1740580861,1.04888,1.04897,0.0,0,1740580861838,134,0.0
1740580862,1.04891,1.049,0.0,0,1740580862864,134,0.0
1740580864,1.04889,1.04898,0.0,0,1740580864262,134,0.0
1740580864,1.04888,1.04897,0.0,0,1740580864271,134,0.0
1740580864,1.04886,1.04895,0.0,0,1740580864625,134,0.0
1740580864,1.04889,1.04898,0.0,0,1740580864721,134,0.0
1740580864,1.04891,1.049,0.0,0,1740580864826,134,0.0
1740580865,1.04889,1.04898,0.0,0,1740580865256,134,0.0
1740580868,1.04888,1.04897,0.0,0,1740580868093,134,0.0
1740580868,1.0489,1.04899,0.0,0,1740580868561,134,0.0
1740580868,1.04892,1.04901,0.0,0,1740580868903,134,0.0
1740580868,1.04894,1.04903,0.0,0,1740580868928,134,0.0
1740580868,1.04895,1.04904,0.0,0,1740580868977,134,0.0
1740580869,1.04893,1.04902,0.0,0,1740580869338,134,0.0
1740580869,1.04891,1.049,0.0,0,1740580869998,134,0.0
1740580870,1.04892,1.04901,0.0,0,1740580870999,134,0.0
1740580872,1.04894,1.04903,0.0,0,1740580872001,134,0.0
1740580872,1.04891,1.049,0.0,0,1740580872037,134,0.0
1740580872,1.04889,1.04898,0.0,0,1740580872746,134,0.0
1740580873,1.04888,1.04897,0.0,0,1740580873150,134,0.0
1740580874,1.04886,1.04895,0.0,0,1740580874109,134,0.0
1740580874,1.04885,1.04894,0.0,0,1740580874114,134,0.0
1740580874,1.04883,1.04892,0.0,0,1740580874141,134,0.0
1740580874,1.04882,1.04891,0.0,0,1740580874920,134,0.0
1740580875,1.04885,1.04894,0.0,0,1740580875012,134,0.0
1740580875,1.04884,1.04893,0.0,0,1740580875760,134,0.0
1740580875,1.04882,1.04891,0.0,0,1740580875804,134,0.0
1740580876,1.04881,1.0489,0.0,0,1740580876897,134,0.0
1740580879,1.0488,1.04889,0.0,0,1740580879621,134,0.0
1740580880,1.04879,1.04888,0.0,0,1740580880647,134,0.0
1740580881,1.04877,1.04886,0.0,0,1740580881282,134,0.0
1740580882,1.04879,1.04888,0.0,0,1740580882677,134,0.0
1740580883,1.04877,1.04886,0.0,0,1740580883838,134,0.0
1740580884,1.04878,1.04887,0.0,0,1740580884839,134,0.0
1740580885,1.04879,1.04888,0.0,0,1740580885896,134,0.0
1740580887,1.04878,1.04887,0.0,0,1740580887112,134,0.0
1740580888,1.04879,1.04888,0.0,0,1740580888269,134,0.0
1740580890,1.04877,1.04886,0.0,0,1740580890333,134,0.0
1740580890,1.04875,1.04884,0.0,0,1740580890361,134,0.0
1740580890,1.04873,1.04882,0.0,0,1740580890608,134,0.0
1740580890,1.04872,1.04881,0.0,0,1740580890627,134,0.0
1740580891,1.04873,1.04882,0.0,0,1740580891669,134,0.0
1740580893,1.04874,1.04883,0.0,0,1740580893726,134,0.0
1740580894,1.04877,1.04886,0.0,0,1740580894207,134,0.0
1740580895,1.04878,1.04887,0.0,0,1740580895255,134,0.0
1740580897,1.04877,1.04886,0.0,0,1740580897384,134,0.0
1740580898,1.04874,1.04883,0.0,0,1740580898583,134,0.0
1740580900,1.04876,1.04885,0.0,0,1740580900654,134,0.0
1740580901,1.04877,1.04886,0.0,0,1740580901528,134,0.0
1740580901,1.04878,1.04887,0.0,0,1740580901650,134,0.0
1740580901,1.0488,1.04889,0.0,0,1740580901683,134,0.0
1740580902,1.04878,1.04887,0.0,0,1740580902723,134,0.0
1740580903,1.04876,1.04885,0.0,0,1740580903183,134,0.0
1740580904,1.04878,1.04887,0.0,0,1740580904548,134,0.0
1740580907,1.0488,1.04889,0.0,0,1740580907020,134,0.0
1740580907,1.04882,1.04891,0.0,0,1740580907044,134,0.0
1740580907,1.04884,1.04893,0.0,0,1740580907141,134,0.0
1740580907,1.04885,1.04894,0.0,0,1740580907190,134,0.0
1740580909,1.04887,1.04896,0.0,0,1740580909263,134,0.0
1740580909,1.04888,1.04897,0.0,0,1740580909402,134,0.0
1740580909,1.0489,1.04899,0.0,0,1740580909550,134,0.0
1740580914,1.04889,1.04898,0.0,0,1740580914485,134,0.0
1740580917,1.04892,1.04901,0.0,0,1740580917437,134,0.0
1740580918,1.0489,1.04899,0.0,0,1740580918674,134,0.0
1740580920,1.04888,1.04897,0.0,0,1740580920749,134,0.0
1740580922,1.0489,1.04899,0.0,0,1740580922494,134,0.0
1740580924,1.04891,1.049,0.0,0,1740580924527,134,0.0
1740580924,1.04893,1.04902,0.0,0,1740580924768,134,0.0
1740580925,1.0489,1.04899,0.0,0,1740580925553,134,0.0
1740580925,1.04888,1.04897,0.0,0,1740580925557,134,0.0
1740580925,1.04886,1.04895,0.0,0,1740580925569,134,0.0
1740580925,1.04885,1.04894,0.0,0,1740580925725,134,0.0
1740580925,1.04883,1.04892,0.0,0,1740580925759,134,0.0
1740580926,1.04884,1.04893,0.0,0,1740580926778,134,0.0
1740580927,1.04887,1.04896,0.0,0,1740580927045,134,0.0
1740580927,1.04889,1.04898,0.0,0,1740580927070,134,0.0
1740580927,1.04891,1.049,0.0,0,1740580927098,134,0.0
1740580928,1.04892,1.04901,0.0,0,1740580928410,134,0.0
1740580929,1.0489,1.04899,0.0,0,1740580929247,134,0.0
1740580930,1.04889,1.04898,0.0,0,1740580930301,134,0.0
1740580930,1.04887,1.04896,0.0,0,1740580930748,134,0.0
1740580931,1.0489,1.04899,0.0,0,1740580931090,134,0.0
1740580932,1.04891,1.049,0.0,0,1740580932136,134,0.0
1740580935,1.0489,1.04899,0.0,0,1740580935308,134,0.0
1740580936,1.04891,1.049,0.0,0,1740580936347,134,0.0
1740580937,1.0489,1.04899,0.0,0,1740580937355,134,0.0
1740580941,1.04892,1.04901,0.0,0,1740580941299,134,0.0
1740580944,1.04891,1.049,0.0,0,1740580944317,134,0.0
1740580945,1.0489,1.04899,0.0,0,1740580945325,134,0.0
1740580946,1.04891,1.049,0.0,0,1740580946733,134,0.0
1740580948,1.04889,1.04898,0.0,0,1740580948663,134,0.0
1740580948,1.04887,1.04896,0.0,0,1740580948673,134,0.0
1740580948,1.04886,1.04895,0.0,0,1740580948700,134,0.0
1740580948,1.04884,1.04893,0.0,0,1740580948701,134,0.0
1740580949,1.04886,1.04895,0.0,0,1740580949467,134,0.0
1740580951,1.04887,1.04896,0.0,0,1740580951576,134,0.0
1740580951,1.04889,1.04898,0.0,0,1740580951672,134,0.0
1740580951,1.04891,1.049,0.0,0,1740580951717,134,0.0
1740580952,1.04888,1.04897,0.0,0,1740580952340,134,0.0
1740580953,1.04887,1.04896,0.0,0,1740580953653,134,0.0
1740580953,1.04885,1.04894,0.0,0,1740580953840,134,0.0
1740580954,1.04886,1.04895,0.0,0,1740580954844,134,0.0
1740580955,1.04888,1.04897,0.0,0,1740580955922,134,0.0
1740580955,1.04886,1.04895,0.0,0,1740580955991,134,0.0
1740580956,1.04884,1.04893,0.0,0,1740580956024,134,0.0
1740580956,1.04887,1.04896,0.0,0,1740580956323,134,0.0
1740580956,1.04885,1.04894,0.0,0,1740580956438,134,0.0
1740580956,1.04883,1.04892,0.0,0,1740580956600,134,0.0
1740580957,1.04882,1.04891,0.0,0,1740580957336,134,0.0
1740580957,1.0488,1.04889,0.0,0,1740580957357,134,0.0
1740580957,1.04879,1.04888,0.0,0,1740580957908,134,0.0
1740580959,1.04878,1.04887,0.0,0,1740580959044,134,0.0
1740580959,1.04877,1.04886,0.0,0,1740580959673,134,0.0
1740580959,1.04875,1.04884,0.0,0,1740580959718,134,0.0
1740580961,1.04874,1.04883,0.0,0,1740580961266,134,0.0
1740580962,1.04875,1.04884,0.0,0,1740580962331,134,0.0
1740580963,1.04874,1.04883,0.0,0,1740580963351,134,0.0
1740580964,1.04877,1.04886,0.0,0,1740580964307,134,0.0
1740580965,1.04876,1.04885,0.0,0,1740580965443,134,0.0
1740580966,1.04875,1.04884,0.0,0,1740580966472,134,0.0
1740580967,1.04874,1.04883,0.0,0,1740580967489,134,0.0
1740580967,1.04877,1.04886,0.0,0,1740580967973,134,0.0
1740580967,1.04878,1.04887,0.0,0,1740580967995,134,0.0
1740580968,1.0488,1.04889,0.0,0,1740580968029,134,0.0
1740580968,1.04881,1.0489,0.0,0,1740580968645,134,0.0
1740580969,1.0488,1.04889,0.0,0,1740580969774,134,0.0
1740580970,1.04881,1.0489,0.0,0,1740580970779,134,0.0
1740580970,1.04878,1.04887,0.0,0,1740580970801,134,0.0
1740580970,1.04876,1.04885,0.0,0,1740580970887,134,0.0
1740580971,1.04878,1.04887,0.0,0,1740580971949,134,0.0
1740580972,1.0488,1.04889,0.0,0,1740580972909,134,0.0
1740580974,1.04879,1.04888,0.0,0,1740580974979,134,0.0
1740580975,1.04881,1.0489,0.0,0,1740580975666,134,0.0
1740580975,1.04883,1.04892,0.0,0,1740580975824,134,0.0
1740580975,1.04885,1.04894,0.0,0,1740580975840,134,0.0
1740580976,1.04886,1.04895,0.0,0,1740580976581,134,0.0
1740580977,1.04885,1.04894,0.0,0,1740580977602,134,0.0
1740580980,1.04885,1.04894,0.0,0,1740580980895,130,0.0
1740580981,1.04886,1.04895,0.0,0,1740580981998,134,0.0
1740580982,1.04887,1.04896,0.0,0,1740580982250,134,0.0
1740580982,1.04889,1.04898,0.0,0,1740580982560,134,0.0
1740580982,1.04891,1.049,0.0,0,1740580982561,134,0.0
1740580982,1.04892,1.04901,0.0,0,1740580982568,134,0.0
1740580982,1.04894,1.04903,0.0,0,1740580982617,134,0.0
1740580982,1.04891,1.049,0.0,0,1740580982923,134,0.0
1740580982,1.04893,1.04902,0.0,0,1740580982947,134,0.0
1740580986,1.04892,1.04901,0.0,0,1740580986617,134,0.0
1740580987,1.04893,1.04902,0.0,0,1740580987617,134,0.0
1740580988,1.04894,1.04903,0.0,0,1740580988679,134,0.0
1740580989,1.04893,1.04902,0.0,0,1740580989718,134,0.0
1740580990,1.04891,1.049,0.0,0,1740580990346,134,0.0
1740580990,1.04894,1.04903,0.0,0,1740580990511,134,0.0
1740580990,1.04896,1.04905,0.0,0,1740580990538,134,0.0
1740580991,1.04893,1.04902,0.0,0,1740580991063,134,0.0
1740580991,1.04891,1.049,0.0,0,1740580991832,134,0.0
1740580994,1.04892,1.04901,0.0,0,1740580994895,134,0.0
1740580995,1.04891,1.049,0.0,0,1740580995917,134,0.0
1740580998,1.04889,1.04898,0.0,0,1740580998287,134,0.0
1740581000,1.04888,1.04897,0.0,0,1740581000400,134,0.0
1740581000,1.04891,1.049,0.0,0,1740581000818,134,0.0
1740581001,1.04893,1.04902,0.0,0,1740581001380,134,0.0
1740581001,1.04895,1.04904,0.0,0,1740581001395,134,0.0
1740581001,1.04896,1.04905,0.0,0,1740581001498,134,0.0
1740581002,1.04894,1.04903,0.0,0,1740581002276,134,0.0
1740581003,1.04896,1.04905,0.0,0,1740581003439,134,0.0
1740581004,1.04897,1.04906,0.0,0,1740581004155,134,0.0
1740581005,1.04894,1.04903,0.0,0,1740581005214,134,0.0
1740581006,1.04892,1.04901,0.0,0,1740581006263,134,0.0
1740581007,1.04891,1.049,0.0,0,1740581007265,134,0.0
1740581008,1.04893,1.04902,0.0,0,1740581008273,134,0.0
1740581010,1.04892,1.04901,0.0,0,1740581010173,134,0.0
1740581011,1.04893,1.04902,0.0,0,1740581011194,134,0.0
1740581011,1.04891,1.049,0.0,0,1740581011932,134,0.0
1740581012,1.04889,1.04898,0.0,0,1740581012027,134,0.0
1740581014,1.04888,1.04897,0.0,0,1740581014049,134,0.0
1740581015,1.04891,1.049,0.0,0,1740581015074,134,0.0
1740581015,1.04892,1.04901,0.0,0,1740581015924,134,0.0
1740581017,1.04893,1.04902,0.0,0,1740581017053,134,0.0
1740581017,1.0489,1.04899,0.0,0,1740581017487,134,0.0
1740581017,1.04888,1.04897,0.0,0,1740581017552,134,0.0
1740581018,1.04886,1.04895,0.0,0,1740581018221,134,0.0
1740581018,1.0489,1.04899,0.0,0,1740581018578,134,0.0
1740581019,1.04888,1.04897,0.0,0,1740581019167,134,0.0
1740581020,1.0489,1.04899,0.0,0,1740581020588,134,0.0
1740581021,1.04889,1.04898,0.0,0,1740581021594,134,0.0
1740581022,1.04891,1.049,0.0,0,1740581022432,134,0.0
1740581022,1.04893,1.04902,0.0,0,1740581022468,134,0.0
1740581022,1.04895,1.04904,0.0,0,1740581022946,134,0.0
1740581022,1.04897,1.04906,0.0,0,1740581022970,134,0.0
1740581022,1.04898,1.04907,0.0,0,1740581022996,134,0.0
1740581023,1.04895,1.04904,0.0,0,1740581023084,134,0.0
1740581023,1.04894,1.04903,0.0,0,1740581023109,134,0.0
1740581023,1.04896,1.04905,0.0,0,1740581023152,134,0.0
1740581023,1.04898,1.04907,0.0,0,1740581023173,134,0.0
1740581023,1.04897,1.04906,0.0,0,1740581023267,134,0.0
1740581023,1.04894,1.04903,0.0,0,1740581023319,134,0.0
1740581024,1.04892,1.04901,0.0,0,1740581024200,134,0.0
1740581025,1.0489,1.04899,0.0,0,1740581025558,134,0.0
1740581026,1.04888,1.04897,0.0,0,1740581026108,134,0.0
1740581027,1.04887,1.04896,0.0,0,1740581027012,134,0.0
1740581027,1.0489,1.04899,0.0,0,1740581027712,134,0.0
1740581028,1.04891,1.049,0.0,0,1740581028864,134,0.0
1740581029,1.04892,1.04901,0.0,0,1740581029903,134,0.0
1740581030,1.04894,1.04903,0.0,0,1740581030687,134,0.0
1740581031,1.04895,1.04904,0.0,0,1740581031308,134,0.0
1740581031,1.04893,1.04902,0.0,0,1740581031646,134,0.0
1740581032,1.04895,1.04904,0.0,0,1740581032349,134,0.0
1740581033,1.04896,1.04905,0.0,0,1740581033334,134,0.0
1740581033,1.04898,1.04907,0.0,0,1740581033348,134,0.0
1740581033,1.04899,1.04908,0.0,0,1740581033437,134,0.0
1740581033,1.04901,1.0491,0.0,0,1740581033622,134,0.0
1740581033,1.04902,1.04911,0.0,0,1740581033827,134,0.0
1740581035,1.049,1.04909,0.0,0,1740581035522,134,0.0
1740581035,1.04903,1.04912,0.0,0,1740581035786,134,0.0
1740581036,1.04902,1.04911,0.0,0,1740581036827,134,0.0
1740581037,1.04901,1.0491,0.0,0,1740581037959,134,0.0
1740581038,1.04902,1.04911,0.0,0,1740581038961,134,0.0
1740581039,1.049,1.04909,0.0,0,1740581039637,134,0.0
1740581039,1.04898,1.04907,0.0,0,1740581039676,134,0.0
1740581040,1.04897,1.04906,0.0,0,1740581040379,134,0.0
1740581041,1.04899,1.04908,0.0,0,1740581041383,134,0.0
1740581042,1.04896,1.04905,0.0,0,1740581042229,134,0.0
1740581043,1.04898,1.04907,0.0,0,1740581043244,134,0.0
1740581044,1.04897,1.04906,0.0,0,1740581044244,134,0.0
1740581045,1.04898,1.04907,0.0,0,1740581045282,134,0.0
1740581045,1.049,1.04909,0.0,0,1740581045977,134,0.0
1740581046,1.04902,1.04911,0.0,0,1740581046088,134,0.0
1740581047,1.04903,1.04912,0.0,0,1740581047195,134,0.0
1740581052,1.04902,1.04911,0.0,0,1740581052167,134,0.0
1740581052,1.049,1.04909,0.0,0,1740581052627,134,0.0
1740581052,1.04902,1.04911,0.0,0,1740581052774,134,0.0
1740581054,1.04901,1.0491,0.0,0,1740581054882,134,0.0
1740581056,1.04902,1.04911,0.0,0,1740581056916,134,0.0
1740581057,1.04904,1.04913,0.0,0,1740581057079,134,0.0
1740581057,1.04905,1.04914,0.0,0,1740581057406,134,0.0
1740581058,1.04906,1.04915,0.0,0,1740581058446,134,0.0
1740581058,1.04907,1.04916,0.0,0,1740581058507,134,0.0
1740581059,1.04906,1.04915,0.0,0,1740581059692,134,0.0
1740581061,1.04904,1.04913,0.0,0,1740581061041,134,0.0
1740581062,1.04903,1.04912,0.0,0,1740581062189,134,0.0
1740581063,1.04906,1.04915,0.0,0,1740581063317,134,0.0
1740581063,1.04907,1.04916,0.0,0,1740581063457,134,0.0
1740581064,1.04908,1.04917,0.0,0,1740581064459,134,0.0
1740581065,1.04909,1.04918,0.0,0,1740581065309,134,0.0
1740581066,1.04906,1.04915,0.0,0,1740581066190,134,0.0
1740581066,1.04904,1.04913,0.0,0,1740581066960,134,0.0
1740581069,1.04907,1.04916,0.0,0,1740581069128,134,0.0
1740581069,1.04909,1.04918,0.0,0,1740581069162,134,0.0
1740581069,1.04911,1.0492,0.0,0,1740581069340,134,0.0
1740581072,1.0491,1.04919,0.0,0,1740581072495,134,0.0
1740581073,1.04911,1.0492,0.0,0,1740581073542,134,0.0
1740581075,1.0491,1.04919,0.0,0,1740581075586,134,0.0
1740581078,1.04913,1.04922,0.0,0,1740581078430,134,0.0
1740581078,1.04914,1.04923,0.0,0,1740581078454,134,0.0
1740581078,1.04916,1.04925,0.0,0,1740581078497,134,0.0
1740581078,1.04917,1.04926,0.0,0,1740581078530,134,0.0
1740581078,1.04914,1.04923,0.0,0,1740581078565,134,0.0
1740581078,1.04916,1.04925,0.0,0,1740581078588,134,0.0
1740581078,1.04919,1.04928,0.0,0,1740581078700,134,0.0
1740581080,1.04917,1.04926,0.0,0,1740581080298,134,0.0
1740581081,1.04915,1.04924,0.0,0,1740581081141,134,0.0
1740581081,1.04913,1.04922,0.0,0,1740581081806,134,0.0
1740581082,1.04911,1.0492,0.0,0,1740581082019,134,0.0
1740581082,1.04909,1.04918,0.0,0,1740581082028,134,0.0
1740581082,1.04908,1.04917,0.0,0,1740581082037,134,0.0
1740581082,1.04906,1.04915,0.0,0,1740581082077,134,0.0
1740581082,1.04905,1.04914,0.0,0,1740581082088,134,0.0
1740581082,1.04903,1.04912,0.0,0,1740581082105,134,0.0
1740581083,1.04904,1.04913,0.0,0,1740581083110,134,0.0
1740581083,1.04907,1.04916,0.0,0,1740581083245,134,0.0
1740581083,1.04909,1.04918,0.0,0,1740581083325,134,0.0
1740581084,1.04908,1.04917,0.0,0,1740581084622,134,0.0
1740581085,1.0491,1.04919,0.0,0,1740581085562,134,0.0
1740581086,1.04909,1.04918,0.0,0,1740581086608,134,0.0
1740581087,1.04908,1.04917,0.0,0,1740581087640,134,0.0
1740581092,1.04907,1.04916,0.0,0,1740581092426,134,0.0
1740581093,1.04909,1.04918,0.0,0,1740581093758,134,0.0
1740581093,1.04911,1.0492,0.0,0,1740581093763,134,0.0
1740581093,1.04913,1.04922,0.0,0,1740581093801,134,0.0
1740581094,1.04912,1.04921,0.0,0,1740581094850,134,0.0
1740581099,1.0491,1.04919,0.0,0,1740581099859,134,0.0
1740581099,1.04908,1.04917,0.0,0,1740581099878,134,0.0
1740581099,1.04911,1.0492,0.0,0,1740581099934,134,0.0
1740581100,1.04913,1.04922,0.0,0,1740581100008,134,0.0
1740581102,1.04912,1.04921,0.0,0,1740581102162,134,0.0
1740581103,1.04913,1.04922,0.0,0,1740581103544,134,0.0
1740581105,1.04912,1.04921,0.0,0,1740581105633,134,0.0
1740581107,1.04911,1.0492,0.0,0,1740581107989,134,0.0
1740581108,1.04909,1.04918,0.0,0,1740581108007,134,0.0
1740581108,1.04907,1.04916,0.0,0,1740581108257,134,0.0
1740581109,1.0491,1.04919,0.0,0,1740581109128,134,0.0
1740581109,1.04912,1.04921,0.0,0,1740581109747,134,0.0
1740581112,1.0491,1.04919,0.0,0,1740581112354,134,0.0
1740581113,1.04908,1.04917,0.0,0,1740581113708,134,0.0
1740581115,1.04909,1.04918,0.0,0,1740581115342,134,0.0
1740581116,1.0491,1.04919,0.0,0,1740581116359,134,0.0
1740581117,1.04909,1.04918,0.0,0,1740581117759,134,0.0
1740581119,1.04907,1.04916,0.0,0,1740581119339,134,0.0
1740581120,1.04906,1.04915,0.0,0,1740581120650,134,0.0
1740581123,1.04905,1.04914,0.0,0,1740581123268,134,0.0
1740581124,1.04903,1.04912,0.0,0,1740581124279,134,0.0
1740581124,1.04905,1.04914,0.0,0,1740581124352,134,0.0
1740581125,1.04903,1.04912,0.0,0,1740581125334,134,0.0
1740581125,1.04901,1.0491,0.0,0,1740581125379,134,0.0
1740581125,1.049,1.04909,0.0,0,1740581125410,134,0.0
1740581129,1.04898,1.04907,0.0,0,1740581129334,134,0.0
1740581130,1.04901,1.0491,0.0,0,1740581130068,134,0.0
1740581131,1.049,1.04909,0.0,0,1740581131130,134,0.0
1740581132,1.04899,1.04908,0.0,0,1740581132389,134,0.0
1740581133,1.04898,1.04907,0.0,0,1740581133418,134,0.0
1740581134,1.04899,1.04908,0.0,0,1740581134418,134,0.0
1740581135,1.04898,1.04907,0.0,0,1740581135448,134,0.0
1740581138,1.049,1.04909,0.0,0,1740581138154,134,0.0
1740581139,1.04901,1.0491,0.0,0,1740581139165,134,0.0
1740581140,1.04899,1.04908,0.0,0,1740581140486,134,0.0
1740581141,1.04902,1.04911,0.0,0,1740581141721,134,0.0
1740581142,1.04903,1.04912,0.0,0,1740581142208,134,0.0
1740581142,1.04904,1.04913,0.0,0,1740581142238,134,0.0
1740581142,1.04906,1.04915,0.0,0,1740581142294,134,0.0
1740581142,1.04907,1.04916,0.0,0,1740581142387,134,0.0
1740581142,1.04909,1.04918,0.0,0,1740581142653,134,0.0
1740581143,1.04906,1.04915,0.0,0,1740581143026,134,0.0
1740581144,1.04904,1.04913,0.0,0,1740581144094,134,0.0
1740581145,1.04905,1.04914,0.0,0,1740581145259,134,0.0
1740581145,1.04903,1.04912,0.0,0,1740581145495,134,0.0
1740581145,1.04901,1.0491,0.0,0,1740581145514,134,0.0
1740581145,1.049,1.04909,0.0,0,1740581145555,134,0.0
1740581146,1.04903,1.04912,0.0,0,1740581146184,134,0.0
1740581146,1.04905,1.04914,0.0,0,1740581146250,134,0.0
1740581146,1.04906,1.04915,0.0,0,1740581146337,134,0.0
1740581146,1.04908,1.04917,0.0,0,1740581146388,134,0.0
1740581146,1.04905,1.04914,0.0,0,1740581146647,134,0.0
1740581147,1.04908,1.04917,0.0,0,1740581147009,134,0.0
1740581147,1.04909,1.04918,0.0,0,1740581147187,134,0.0
1740581147,1.04906,1.04915,0.0,0,1740581147322,134,0.0
1740581148,1.04905,1.04914,0.0,0,1740581148334,134,0.0
1740581149,1.04906,1.04915,0.0,0,1740581149335,134,0.0
1740581149,1.04908,1.04917,0.0,0,1740581149451,134,0.0
1740581150,1.04907,1.04916,0.0,0,1740581150519,134,0.0
1740581151,1.04909,1.04918,0.0,0,1740581151045,134,0.0
1740581151,1.04911,1.0492,0.0,0,1740581151143,134,0.0
1740581152,1.0491,1.04919,0.0,0,1740581152491,134,0.0
1740581154,1.04912,1.04921,0.0,0,1740581154470,134,0.0
1740581154,1.04914,1.04923,0.0,0,1740581154492,134,0.0
1740581155,1.04915,1.04924,0.0,0,1740581155520,134,0.0
1740581156,1.04914,1.04923,0.0,0,1740581156729,134,0.0
1740581157,1.04912,1.04921,0.0,0,1740581157323,134,0.0
1740581157,1.0491,1.04919,0.0,0,1740581157434,134,0.0
1740581158,1.04913,1.04922,0.0,0,1740581158201,134,0.0
1740581159,1.04914,1.04923,0.0,0,1740581159223,134,0.0
1740581160,1.04911,1.0492,0.0,0,1740581160182,134,0.0
1740581160,1.0491,1.04919,0.0,0,1740581160578,134,0.0
1740581160,1.04908,1.04917,0.0,0,1740581160651,134,0.0
1740581160,1.04907,1.04916,0.0,0,1740581160829,134,0.0
1740581160,1.04905,1.04914,0.0,0,1740581160866,134,0.0
1740581161,1.04906,1.04915,0.0,0,1740581161579,134,0.0
1740581164,1.04905,1.04914,0.0,0,1740581164443,134,0.0
1740581165,1.04906,1.04915,0.0,0,1740581165467,134,0.0
1740581168,1.04904,1.04913,0.0,0,1740581168233,134,0.0
1740581168,1.04902,1.04911,0.0,0,1740581168293,134,0.0
1740581168,1.04905,1.04914,0.0,0,1740581168323,134,0.0
1740581169,1.04907,1.04916,0.0,0,1740581169096,134,0.0
1740581170,1.04908,1.04917,0.0,0,1740581170124,134,0.0
1740581171,1.04907,1.04916,0.0,0,1740581171124,134,0.0
1740581173,1.04906,1.04915,0.0,0,1740581173188,134,0.0
1740581174,1.04905,1.04914,0.0,0,1740581174216,134,0.0
1740581176,1.04906,1.04915,0.0,0,1740581176682,134,0.0
1740581178,1.04908,1.04917,0.0,0,1740581178402,134,0.0
1740581178,1.0491,1.04919,0.0,0,1740581178412,134,0.0
1740581178,1.04911,1.0492,0.0,0,1740581178436,134,0.0
1740581179,1.04908,1.04917,0.0,0,1740581179161,134,0.0
1740581180,1.04907,1.04916,0.0,0,1740581180338,134,0.0
1740581181,1.04906,1.04915,0.0,0,1740581181348,134,0.0
1740581182,1.04907,1.04916,0.0,0,1740581182651,134,0.0
1740581184,1.04908,1.04917,0.0,0,1740581184678,134,0.0
1740581184,1.0491,1.04919,0.0,0,1740581184717,134,0.0
1740581184,1.04912,1.04921,0.0,0,1740581184759,134,0.0
1740581185,1.04909,1.04918,0.0,0,1740581185116,134,0.0
1740581185,1.04908,1.04917,0.0,0,1740581185414,134,0.0
1740581186,1.04906,1.04915,0.0,0,1740581186996,134,0.0
1740581190,1.04908,1.04917,0.0,0,1740581190041,134,0.0
1740581190,1.0491,1.04919,0.0,0,1740581190207,134,0.0
1740581190,1.04912,1.04921,0.0,0,1740581190304,134,0.0
1740581190,1.04913,1.04922,0.0,0,1740581190428,134,0.0
1740581191,1.04912,1.04921,0.0,0,1740581191442,134,0.0
1740581192,1.04911,1.0492,0.0,0,1740581192444,134,0.0
1740581196,1.04909,1.04918,0.0,0,1740581196771,134,0.0
1740581197,1.04912,1.04921,0.0,0,1740581197932,134,0.0
1740581200,1.04911,1.0492,0.0,0,1740581200169,134,0.0
1740581201,1.04909,1.04918,0.0,0,1740581201819,134,0.0
1740581201,1.04907,1.04916,0.0,0,1740581201847,134,0.0
1740581203,1.04906,1.04915,0.0,0,1740581203445,134,0.0
1740581204,1.04905,1.04914,0.0,0,1740581204111,134,0.0
1740581204,1.04903,1.04912,0.0,0,1740581204124,134,0.0
1740581204,1.04902,1.04911,0.0,0,1740581204214,134,0.0
1740581204,1.049,1.04909,0.0,0,1740581204848,134,0.0
1740581204,1.04899,1.04908,0.0,0,1740581204872,134,0.0
1740581204,1.04897,1.04906,0.0,0,1740581204893,134,0.0
1740581205,1.049,1.04909,0.0,0,1740581205435,134,0.0
1740581206,1.04902,1.04911,0.0,0,1740581206214,134,0.0
1740581206,1.049,1.04909,0.0,0,1740581206562,134,0.0
1740581206,1.04898,1.04907,0.0,0,1740581206730,134,0.0
1740581207,1.04899,1.04908,0.0,0,1740581207741,134,0.0
1740581208,1.04901,1.0491,0.0,0,1740581208227,134,0.0
1740581208,1.04903,1.04912,0.0,0,1740581208320,134,0.0
1740581209,1.04902,1.04911,0.0,0,1740581209509,134,0.0
1740581209,1.04899,1.04908,0.0,0,1740581209683,134,0.0
1740581210,1.04901,1.0491,0.0,0,1740581210347,134,0.0
1740581211,1.04903,1.04912,0.0,0,1740581211350,134,0.0
1740581211,1.04905,1.04914,0.0,0,1740581211690,134,0.0
1740581211,1.04906,1.04915,0.0,0,1740581211886,134,0.0
1740581211,1.04908,1.04917,0.0,0,1740581211918,134,0.0
1740581213,1.0491,1.04919,0.0,0,1740581213883,134,0.0
1740581214,1.04911,1.0492,0.0,0,1740581214953,134,0.0
1740581218,1.0491,1.04919,0.0,0,1740581218145,134,0.0
1740581219,1.04911,1.0492,0.0,0,1740581219260,134,0.0
1740581220,1.04909,1.04918,0.0,0,1740581220301,134,0.0
1740581220,1.04907,1.04916,0.0,0,1740581220510,134,0.0
1740581220,1.04906,1.04915,0.0,0,1740581220575,134,0.0
1740581221,1.04905,1.04914,0.0,0,1740581221597,134,0.0
1740581222,1.04904,1.04913,0.0,0,1740581222321,134,0.0
1740581222,1.04902,1.04911,0.0,0,1740581222409,134,0.0
1740581222,1.04901,1.0491,0.0,0,1740581222558,134,0.0
1740581223,1.04902,1.04911,0.0,0,1740581223582,134,0.0
1740581224,1.04901,1.0491,0.0,0,1740581224582,134,0.0
1740581225,1.04902,1.04911,0.0,0,1740581225758,134,0.0
1740581226,1.04904,1.04913,0.0,0,1740581226400,134,0.0
1740581226,1.04906,1.04915,0.0,0,1740581226541,134,0.0
1740581230,1.04907,1.04916,0.0,0,1740581230121,134,0.0
1740581232,1.04905,1.04914,0.0,0,1740581232140,134,0.0
1740581232,1.04907,1.04916,0.0,0,1740581232815,134,0.0
1740581235,1.04905,1.04914,0.0,0,1740581235398,134,0.0
1740581236,1.04906,1.04915,0.0,0,1740581236468,134,0.0
1740581239,1.04904,1.04913,0.0,0,1740581239179,134,0.0
1740581239,1.04902,1.04911,0.0,0,1740581239254,134,0.0
1740581240,1.04901,1.0491,0.0,0,1740581240541,134,0.0
1740581241,1.049,1.04909,0.0,0,1740581241549,134,0.0
1740581242,1.04898,1.04907,0.0,0,1740581242251,134,0.0
1740581242,1.04901,1.0491,0.0,0,1740581242735,134,0.0
1740581243,1.04903,1.04912,0.0,0,1740581243166,134,0.0
1740581244,1.04902,1.04911,0.0,0,1740581244245,134,0.0
1740581245,1.04901,1.0491,0.0,0,1740581245281,134,0.0
1740581247,1.04902,1.04911,0.0,0,1740581247309,134,0.0
1740581248,1.04901,1.0491,0.0,0,1740581248327,134,0.0
1740581249,1.04899,1.04908,0.0,0,1740581249157,134,0.0
1740581250,1.049,1.04909,0.0,0,1740581250159,134,0.0
1740581252,1.04898,1.04907,0.0,0,1740581252380,134,0.0
1740581253,1.04897,1.04906,0.0,0,1740581253604,134,0.0
1740581256,1.04896,1.04905,0.0,0,1740581256704,134,0.0
1740581257,1.04897,1.04906,0.0,0,1740581257816,134,0.0
1740581262,1.04895,1.04904,0.0,0,1740581262018,134,0.0
1740581262,1.04893,1.04902,0.0,0,1740581262024,134,0.0
1740581262,1.04891,1.049,0.0,0,1740581262089,134,0.0
1740581262,1.04889,1.04898,0.0,0,1740581262241,134,0.0
1740581262,1.04887,1.04896,0.0,0,1740581262840,134,0.0
1740581263,1.0489,1.04899,0.0,0,1740581263180,134,0.0
1740581264,1.04889,1.04898,0.0,0,1740581264510,134,0.0
1740581265,1.04887,1.04896,0.0,0,1740581265295,134,0.0
1740581265,1.04886,1.04895,0.0,0,1740581265936,134,0.0
1740581267,1.04885,1.04894,0.0,0,1740581267944,134,0.0
1740581268,1.04887,1.04896,0.0,0,1740581268658,134,0.0
1740581269,1.04885,1.04894,0.0,0,1740581269686,134,0.0
1740581270,1.04886,1.04895,0.0,0,1740581270759,134,0.0
1740581272,1.04884,1.04893,0.0,0,1740581272870,134,0.0
1740581273,1.04885,1.04894,0.0,0,1740581273898,134,0.0
1740581277,1.04887,1.04896,0.0,0,1740581277318,134,0.0
1740581277,1.04889,1.04898,0.0,0,1740581277462,134,0.0
1740581278,1.0489,1.04899,0.0,0,1740581278721,134,0.0
1740581279,1.04888,1.04897,0.0,0,1740581279734,134,0.0
1740581280,1.04887,1.04896,0.0,0,1740581280772,134,0.0
1740581281,1.04889,1.04898,0.0,0,1740581281464,134,0.0
1740581281,1.04891,1.049,0.0,0,1740581281476,134,0.0
1740581281,1.04892,1.04901,0.0,0,1740581281708,134,0.0
1740581281,1.04894,1.04903,0.0,0,1740581281717,134,0.0
1740581281,1.04896,1.04905,0.0,0,1740581281762,134,0.0
1740581282,1.04893,1.04902,0.0,0,1740581282806,134,0.0
1740581282,1.04895,1.04904,0.0,0,1740581282846,134,0.0
1740581284,1.04893,1.04902,0.0,0,1740581284000,134,0.0
1740581284,1.04895,1.04904,0.0,0,1740581284154,134,0.0
1740581284,1.04896,1.04905,0.0,0,1740581284294,134,0.0
1740581285,1.04898,1.04907,0.0,0,1740581285297,134,0.0
1740581285,1.04896,1.04905,0.0,0,1740581285520,134,0.0
1740581286,1.04895,1.04904,0.0,0,1740581286853,134,0.0
1740581287,1.04896,1.04905,0.0,0,1740581287874,134,0.0
1740581289,1.04894,1.04903,0.0,0,1740581289595,134,0.0
1740581290,1.04895,1.04904,0.0,0,1740581290671,134,0.0
1740581290,1.04892,1.04901,0.0,0,1740581290835,134,0.0
1740581291,1.04891,1.049,0.0,0,1740581291251,134,0.0
1740581291,1.04889,1.04898,0.0,0,1740581291336,134,0.0
1740581292,1.0489,1.04899,0.0,0,1740581292882,134,0.0
1740581293,1.04889,1.04898,0.0,0,1740581293227,134,0.0
1740581294,1.0489,1.04899,0.0,0,1740581294268,134,0.0
1740581294,1.04892,1.04901,0.0,0,1740581294794,134,0.0
1740581295,1.04894,1.04903,0.0,0,1740581295676,134,0.0
1740581295,1.04896,1.04905,0.0,0,1740581295863,134,0.0
1740581298,1.04895,1.04904,0.0,0,1740581298647,134,0.0
1740581301,1.04893,1.04902,0.0,0,1740581301373,134,0.0
1740581301,1.04896,1.04905,0.0,0,1740581301412,134,0.0
1740581302,1.04897,1.04906,0.0,0,1740581302429,134,0.0
1740581302,1.04898,1.04907,0.0,0,1740581302943,134,0.0
1740581302,1.049,1.04909,0.0,0,1740581302967,134,0.0
1740581302,1.04902,1.04911,0.0,0,1740581302990,134,0.0
1740581303,1.04903,1.04912,0.0,0,1740581303025,134,0.0
1740581303,1.04904,1.04913,0.0,0,1740581303149,134,0.0
1740581304,1.04903,1.04912,0.0,0,1740581304152,134,0.0
1740581305,1.04904,1.04913,0.0,0,1740581305559,134,0.0
1740581305,1.04906,1.04915,0.0,0,1740581305576,134,0.0
1740581305,1.04908,1.04917,0.0,0,1740581305621,134,0.0
1740581306,1.04909,1.04918,0.0,0,1740581306699,134,0.0
1740581306,1.04911,1.0492,0.0,0,1740581306813,134,0.0
1740581307,1.04912,1.04921,0.0,0,1740581307235,134,0.0
1740581307,1.04909,1.04918,0.0,0,1740581307508,134,0.0
1740581308,1.04912,1.04921,0.0,0,1740581308266,134,0.0
1740581308,1.04914,1.04923,0.0,0,1740581308286,134,0.0
1740581309,1.04915,1.04924,0.0,0,1740581309068,134,0.0
1740581309,1.04917,1.04926,0.0,0,1740581309091,134,0.0
1740581310,1.04914,1.04923,0.0,0,1740581310327,134,0.0
1740581311,1.04916,1.04925,0.0,0,1740581311229,134,0.0
1740581312,1.04915,1.04924,0.0,0,1740581312250,134,0.0
1740581313,1.04913,1.04922,0.0,0,1740581313016,134,0.0
1740581313,1.04911,1.0492,0.0,0,1740581313090,134,0.0
1740581313,1.0491,1.04919,0.0,0,1740581313173,134,0.0
1740581313,1.04908,1.04917,0.0,0,1740581313198,134,0.0
1740581313,1.04907,1.04916,0.0,0,1740581313230,134,0.0
1740581314,1.04906,1.04915,0.0,0,1740581314254,134,0.0
1740581315,1.04907,1.04916,0.0,0,1740581315290,134,0.0
1740581315,1.04909,1.04918,0.0,0,1740581315485,134,0.0
1740581315,1.04911,1.0492,0.0,0,1740581315530,134,0.0
1740581315,1.04912,1.04921,0.0,0,1740581315570,134,0.0
1740581315,1.04914,1.04923,0.0,0,1740581315591,134,0.0
1740581317,1.04913,1.04922,0.0,0,1740581317332,134,0.0
1740581318,1.04912,1.04921,0.0,0,1740581318413,134,0.0
1740581319,1.0491,1.04919,0.0,0,1740581319179,134,0.0
1740581319,1.04908,1.04917,0.0,0,1740581319286,134,0.0
1740581319,1.04906,1.04915,0.0,0,1740581319334,134,0.0
1740581319,1.04905,1.04914,0.0,0,1740581319803,134,0.0
1740581319,1.04908,1.04917,0.0,0,1740581319943,134,0.0
1740581321,1.04906,1.04915,0.0,0,1740581321226,134,0.0
1740581323,1.04905,1.04914,0.0,0,1740581323600,134,0.0
1740581323,1.04904,1.04913,0.0,0,1740581323734,134,0.0
1740581324,1.04902,1.04911,0.0,0,1740581324479,134,0.0
1740581324,1.049,1.04909,0.0,0,1740581324699,134,0.0
1740581325,1.04901,1.0491,0.0,0,1740581325728,134,0.0
1740581326,1.04903,1.04912,0.0,0,1740581326266,134,0.0
1740581327,1.04901,1.0491,0.0,0,1740581327318,134,0.0
1740581328,1.04902,1.04911,0.0,0,1740581328349,134,0.0
1740581329,1.04901,1.0491,0.0,0,1740581329356,134,0.0
1740581329,1.04903,1.04912,0.0,0,1740581329427,134,0.0
1740581330,1.04904,1.04913,0.0,0,1740581330462,134,0.0
1740581333,1.04902,1.04911,0.0,0,1740581333292,134,0.0
1740581334,1.049,1.04909,0.0,0,1740581334340,134,0.0
1740581336,1.04902,1.04911,0.0,0,1740581336381,134,0.0
1740581338,1.04901,1.0491,0.0,0,1740581338495,134,0.0
1740581339,1.049,1.04909,0.0,0,1740581339597,134,0.0
1740581340,1.04899,1.04908,0.0,0,1740581340945,134,0.0
1740581343,1.04901,1.0491,0.0,0,1740581343595,134,0.0
1740581344,1.049,1.04909,0.0,0,1740581344625,134,0.0
1740581345,1.04899,1.04908,0.0,0,1740581345550,134,0.0
1740581346,1.04897,1.04906,0.0,0,1740581346247,134,0.0
1740581347,1.04896,1.04905,0.0,0,1740581347268,134,0.0
1740581347,1.04899,1.04908,0.0,0,1740581347292,134,0.0
1740581347,1.04901,1.0491,0.0,0,1740581347339,134,0.0
1740581347,1.04903,1.04912,0.0,0,1740581347640,134,0.0
1740581348,1.04902,1.04911,0.0,0,1740581348647,134,0.0
1740581349,1.04901,1.0491,0.0,0,1740581349678,134,0.0
1740581350,1.049,1.04909,0.0,0,1740581350747,134,0.0
1740581350,1.04902,1.04911,0.0,0,1740581350894,134,0.0
1740581350,1.04904,1.04913,0.0,0,1740581350936,134,0.0
1740581351,1.04901,1.0491,0.0,0,1740581351195,134,0.0
1740581353,1.04902,1.04911,0.0,0,1740581353280,134,0.0
1740581357,1.04901,1.0491,0.0,0,1740581357820,134,0.0
1740581359,1.04903,1.04912,0.0,0,1740581359346,134,0.0
1740581361,1.04902,1.04911,0.0,0,1740581361647,134,0.0
1740581361,1.049,1.04909,0.0,0,1740581361960,134,0.0
1740581362,1.04902,1.04911,0.0,0,1740581362911,134,0.0
1740581363,1.04904,1.04913,0.0,0,1740581363254,134,0.0
1740581364,1.04903,1.04912,0.0,0,1740581364334,134,0.0
1740581365,1.04902,1.04911,0.0,0,1740581365378,134,0.0
1740581365,1.04904,1.04913,0.0,0,1740581365395,134,0.0
1740581365,1.04906,1.04915,0.0,0,1740581365446,134,0.0
1740581365,1.04903,1.04912,0.0,0,1740581365872,134,0.0
1740581366,1.04902,1.04911,0.0,0,1740581366457,134,0.0
1740581367,1.049,1.04909,0.0,0,1740581367265,134,0.0
1740581368,1.04901,1.0491,0.0,0,1740581368350,134,0.0
1740581369,1.04902,1.04911,0.0,0,1740581369473,134,0.0
1740581372,1.04901,1.0491,0.0,0,1740581372520,134,0.0
1740581374,1.04903,1.04912,0.0,0,1740581374105,134,0.0
1740581374,1.04905,1.04914,0.0,0,1740581374159,134,0.0
1740581374,1.04907,1.04916,0.0,0,1740581374172,134,0.0
1740581375,1.04905,1.04914,0.0,0,1740581375214,134,0.0
1740581375,1.04903,1.04912,0.0,0,1740581375399,134,0.0
1740581375,1.04905,1.04914,0.0,0,1740581375417,134,0.0
1740581375,1.04907,1.04916,0.0,0,1740581375987,134,0.0
1740581376,1.04906,1.04915,0.0,0,1740581376989,134,0.0
1740581377,1.04904,1.04913,0.0,0,1740581377226,134,0.0
1740581378,1.04903,1.04912,0.0,0,1740581378281,134,0.0
1740581380,1.04902,1.04911,0.0,0,1740581380485,134,0.0
1740581381,1.04901,1.0491,0.0,0,1740581381559,134,0.0
1740581382,1.04902,1.04911,0.0,0,1740581382612,134,0.0
1740581390,1.049,1.04909,0.0,0,1740581390987,134,0.0
1740581392,1.04901,1.0491,0.0,0,1740581392055,134,0.0
1740581395,1.04899,1.04908,0.0,0,1740581395469,134,0.0
1740581395,1.04897,1.04906,0.0,0,1740581395524,134,0.0
1740581395,1.04896,1.04905,0.0,0,1740581395910,134,0.0
1740581396,1.04893,1.04902,0.0,0,1740581396043,134,0.0
1740581398,1.04892,1.04901,0.0,0,1740581398099,134,0.0
1740581400,1.04892,1.04901,0.0,0,1740581400122,130,0.0
1740581402,1.0489,1.04899,0.0,0,1740581402299,134,0.0
1740581402,1.04888,1.04897,0.0,0,1740581402448,134,0.0
1740581404,1.04887,1.04896,0.0,0,1740581404641,134,0.0
1740581404,1.04886,1.04895,0.0,0,1740581404773,134,0.0
1740581406,1.04887,1.04896,0.0,0,1740581406944,134,0.0
1740581409,1.04885,1.04894,0.0,0,1740581409352,134,0.0
1740581410,1.04886,1.04895,0.0,0,1740581410360,134,0.0
1740581412,1.04884,1.04893,0.0,0,1740581412145,134,0.0
1740581412,1.04882,1.04891,0.0,0,1740581412151,134,0.0
1740581412,1.0488,1.04889,0.0,0,1740581412206,134,0.0
1740581413,1.04881,1.0489,0.0,0,1740581413301,134,0.0
1740581414,1.0488,1.04889,0.0,0,1740581414285,134,0.0
1740581414,1.04878,1.04887,0.0,0,1740581414798,134,0.0
1740581414,1.04877,1.04886,0.0,0,1740581414828,134,0.0
1740581416,1.04876,1.04885,0.0,0,1740581416102,134,0.0
1740581420,1.04877,1.04886,0.0,0,1740581420223,134,0.0
1740581422,1.04876,1.04885,0.0,0,1740581422305,134,0.0
1740581422,1.04878,1.04887,0.0,0,1740581422930,134,0.0
1740581422,1.04879,1.04888,0.0,0,1740581422980,134,0.0
1740581423,1.04877,1.04886,0.0,0,1740581423116,134,0.0
1740581424,1.04875,1.04884,0.0,0,1740581424020,134,0.0
1740581424,1.04874,1.04883,0.0,0,1740581424141,134,0.0
1740581425,1.04872,1.04881,0.0,0,1740581425142,134,0.0
1740581426,1.04874,1.04883,0.0,0,1740581426596,134,0.0
1740581427,1.04876,1.04885,0.0,0,1740581427605,134,0.0
1740581428,1.04878,1.04887,0.0,0,1740581428129,134,0.0
1740581428,1.04879,1.04888,0.0,0,1740581428141,134,0.0
1740581428,1.04881,1.0489,0.0,0,1740581428177,134,0.0
1740581429,1.0488,1.04889,0.0,0,1740581429207,134,0.0
1740581430,1.04879,1.04888,0.0,0,1740581430214,134,0.0
1740581432,1.04881,1.0489,0.0,0,1740581432359,134,0.0
1740581433,1.04883,1.04892,0.0,0,1740581433187,134,0.0
1740581433,1.04885,1.04894,0.0,0,1740581433223,134,0.0
1740581433,1.04887,1.04896,0.0,0,1740581433292,134,0.0
1740581434,1.04885,1.04894,0.0,0,1740581434351,134,0.0
1740581435,1.04886,1.04895,0.0,0,1740581435368,134,0.0
1740581440,1.04885,1.04894,0.0,0,1740581440750,134,0.0
1740581442,1.04888,1.04897,0.0,0,1740581442238,134,0.0
1740581442,1.04889,1.04898,0.0,0,1740581442321,134,0.0
1740581442,1.04891,1.049,0.0,0,1740581442344,134,0.0
1740581442,1.04887,1.04896,0.0,0,1740581442974,134,0.0
1740581444,1.04889,1.04898,0.0,0,1740581444061,134,0.0
1740581444,1.0489,1.04899,0.0,0,1740581444570,134,0.0
1740581445,1.04891,1.049,0.0,0,1740581445584,134,0.0
1740581446,1.0489,1.04899,0.0,0,1740581446596,134,0.0
1740581447,1.04888,1.04897,0.0,0,1740581447099,134,0.0
1740581447,1.04886,1.04895,0.0,0,1740581447224,134,0.0
1740581447,1.04885,1.04894,0.0,0,1740581447698,134,0.0
1740581450,1.04886,1.04895,0.0,0,1740581450125,134,0.0
1740581451,1.04885,1.04894,0.0,0,1740581451293,134,0.0
1740581453,1.04886,1.04895,0.0,0,1740581453890,134,0.0
1740581453,1.04888,1.04897,0.0,0,1740581453910,134,0.0
1740581453,1.0489,1.04899,0.0,0,1740581453930,134,0.0
1740581453,1.04891,1.049,0.0,0,1740581453993,134,0.0
1740581454,1.04893,1.04902,0.0,0,1740581454213,134,0.0
1740581456,1.04892,1.04901,0.0,0,1740581456475,134,0.0
1740581458,1.04893,1.04902,0.0,0,1740581458518,134,0.0
1740581459,1.04892,1.04901,0.0,0,1740581459701,134,0.0
1740581460,1.0489,1.04899,0.0,0,1740581460309,134,0.0
1740581460,1.04892,1.04901,0.0,0,1740581460638,134,0.0
1740581462,1.0489,1.04899,0.0,0,1740581462087,134,0.0
1740581464,1.04892,1.04901,0.0,0,1740581464241,134,0.0
1740581465,1.0489,1.04899,0.0,0,1740581465296,134,0.0
1740581466,1.04889,1.04898,0.0,0,1740581466704,134,0.0
1740581468,1.0489,1.04899,0.0,0,1740581468092,134,0.0
1740581469,1.04891,1.049,0.0,0,1740581469145,134,0.0
1740581471,1.0489,1.04899,0.0,0,1740581471632,134,0.0
1740581472,1.04889,1.04898,0.0,0,1740581472714,134,0.0
1740581474,1.0489,1.04899,0.0,0,1740581474642,134,0.0
1740581476,1.04889,1.04898,0.0,0,1740581476878,134,0.0
1740581478,1.04887,1.04896,0.0,0,1740581478697,134,0.0
1740581478,1.04885,1.04894,0.0,0,1740581478758,134,0.0
1740581480,1.04887,1.04896,0.0,0,1740581480560,134,0.0
1740581480,1.04889,1.04898,0.0,0,1740581480608,134,0.0
1740581480,1.04891,1.049,0.0,0,1740581480780,134,0.0
1740581482,1.04893,1.04902,0.0,0,1740581482720,134,0.0
1740581483,1.04894,1.04903,0.0,0,1740581483594,134,0.0
1740581483,1.04896,1.04905,0.0,0,1740581483637,134,0.0
1740581484,1.04895,1.04904,0.0,0,1740581484756,134,0.0
1740581485,1.04894,1.04903,0.0,0,1740581485758,134,0.0
1740581485,1.04892,1.04901,0.0,0,1740581485791,134,0.0
1740581485,1.04895,1.04904,0.0,0,1740581485860,134,0.0
1740581486,1.04896,1.04905,0.0,0,1740581486039,134,0.0
1740581486,1.04897,1.04906,0.0,0,1740581486297,134,0.0
1740581486,1.049,1.04909,0.0,0,1740581486394,134,0.0
1740581486,1.04901,1.0491,0.0,0,1740581486954,134,0.0
1740581487,1.04899,1.04908,0.0,0,1740581487389,134,0.0
1740581488,1.04897,1.04906,0.0,0,1740581488384,134,0.0
1740581490,1.04896,1.04905,0.0,0,1740581490738,134,0.0
1740581491,1.04899,1.04908,0.0,0,1740581491985,134,0.0
1740581492,1.049,1.04909,0.0,0,1740581492059,134,0.0
1740581493,1.04901,1.0491,0.0,0,1740581493194,134,0.0
1740581494,1.04899,1.04908,0.0,0,1740581494312,134,0.0
1740581497,1.04897,1.04906,0.0,0,1740581497294,134,0.0
1740581497,1.04895,1.04904,0.0,0,1740581497605,134,0.0
1740581497,1.04894,1.04903,0.0,0,1740581497608,134,0.0
1740581497,1.04892,1.04901,0.0,0,1740581497618,134,0.0
1740581497,1.0489,1.04899,0.0,0,1740581497667,134,0.0
1740581498,1.04889,1.04898,0.0,0,1740581498176,134,0.0
1740581499,1.0489,1.04899,0.0,0,1740581499176,134,0.0
1740581500,1.04891,1.049,0.0,0,1740581500261,134,0.0
1740581500,1.04894,1.04903,0.0,0,1740581500620,134,0.0
1740581500,1.04895,1.04904,0.0,0,1740581500737,134,0.0
1740581500,1.04897,1.04906,0.0,0,1740581500833,134,0.0
1740581500,1.04898,1.04907,0.0,0,1740581500864,134,0.0
1740581500,1.049,1.04909,0.0,0,1740581500965,134,0.0
1740581501,1.04898,1.04907,0.0,0,1740581501978,134,0.0
1740581502,1.04899,1.04908,0.0,0,1740581502630,134,0.0
1740581503,1.04901,1.0491,0.0,0,1740581503060,134,0.0
1740581504,1.049,1.04909,0.0,0,1740581504116,134,0.0
1740581506,1.04901,1.0491,0.0,0,1740581506173,134,0.0
1740581508,1.049,1.04909,0.0,0,1740581508874,134,0.0
1740581509,1.04899,1.04908,0.0,0,1740581509890,134,0.0
1740581510,1.049,1.04909,0.0,0,1740581510947,134,0.0
1740581512,1.04899,1.04908,0.0,0,1740581512178,134,0.0
1740581513,1.049,1.04909,0.0,0,1740581513205,134,0.0
1740581514,1.04902,1.04911,0.0,0,1740581514196,134,0.0
1740581514,1.04903,1.04912,0.0,0,1740581514204,134,0.0
1740581514,1.04905,1.04914,0.0,0,1740581514237,134,0.0
1740581514,1.04906,1.04915,0.0,0,1740581514285,134,0.0
1740581516,1.04908,1.04917,0.0,0,1740581516875,134,0.0
1740581516,1.04909,1.04918,0.0,0,1740581516899,134,0.0
1740581518,1.04908,1.04917,0.0,0,1740581518104,134,0.0
1740581518,1.04909,1.04918,0.0,0,1740581518376,134,0.0
1740581518,1.04911,1.0492,0.0,0,1740581518418,134,0.0
1740581518,1.04913,1.04922,0.0,0,1740581518913,134,0.0
1740581518,1.04915,1.04924,0.0,0,1740581518984,134,0.0
1740581520,1.04914,1.04923,0.0,0,1740581520104,134,0.0
1740581520,1.04915,1.04924,0.0,0,1740581520224,134,0.0
1740581521,1.04916,1.04925,0.0,0,1740581521231,134,0.0
1740581522,1.04914,1.04923,0.0,0,1740581522251,134,0.0
1740581523,1.04912,1.04921,0.0,0,1740581523130,134,0.0
1740581523,1.04915,1.04924,0.0,0,1740581523233,134,0.0
1740581524,1.04916,1.04925,0.0,0,1740581524261,134,0.0
1740581527,1.04914,1.04923,0.0,0,1740581527611,134,0.0
1740581527,1.04912,1.04921,0.0,0,1740581527635,134,0.0
1740581527,1.0491,1.04919,0.0,0,1740581527673,134,0.0
1740581527,1.04909,1.04918,0.0,0,1740581527688,134,0.0
1740581527,1.04907,1.04916,0.0,0,1740581527704,134,0.0
1740581529,1.04906,1.04915,0.0,0,1740581529637,134,0.0
1740581529,1.04908,1.04917,0.0,0,1740581529665,134,0.0
1740581529,1.0491,1.04919,0.0,0,1740581529703,134,0.0
1740581529,1.04907,1.04916,0.0,0,1740581529794,134,0.0
1740581529,1.04906,1.04915,0.0,0,1740581529912,134,0.0
1740581530,1.04904,1.04913,0.0,0,1740581530014,134,0.0
1740581532,1.04905,1.04914,0.0,0,1740581532190,134,0.0
1740581536,1.04906,1.04915,0.0,0,1740581536409,134,0.0
1740581537,1.04905,1.04914,0.0,0,1740581537479,134,0.0
1740581537,1.04903,1.04912,0.0,0,1740581537613,134,0.0
1740581537,1.04901,1.0491,0.0,0,1740581537627,134,0.0
1740581537,1.049,1.04909,0.0,0,1740581537674,134,0.0
1740581538,1.04899,1.04908,0.0,0,1740581538278,134,0.0
1740581539,1.049,1.04909,0.0,0,1740581539437,134,0.0
1740581539,1.04902,1.04911,0.0,0,1740581539751,134,0.0
1740581540,1.04904,1.04913,0.0,0,1740581540540,134,0.0
1740581542,1.04902,1.04911,0.0,0,1740581542591,134,0.0
1740581542,1.049,1.04909,0.0,0,1740581542603,134,0.0
1740581543,1.04899,1.04908,0.0,0,1740581543615,134,0.0
1740581543,1.04902,1.04911,0.0,0,1740581543888,134,0.0
1740581544,1.04904,1.04913,0.0,0,1740581544813,134,0.0
1740581545,1.04905,1.04914,0.0,0,1740581545680,134,0.0
1740581546,1.04904,1.04913,0.0,0,1740581546976,134,0.0
1740581547,1.04905,1.04914,0.0,0,1740581547435,134,0.0
1740581548,1.04907,1.04916,0.0,0,1740581548352,134,0.0
1740581548,1.04909,1.04918,0.0,0,1740581548640,134,0.0
1740581548,1.0491,1.04919,0.0,0,1740581548714,134,0.0
1740581550,1.04912,1.04921,0.0,0,1740581550309,134,0.0
1740581550,1.04914,1.04923,0.0,0,1740581550340,134,0.0
1740581550,1.04915,1.04924,0.0,0,1740581550383,134,0.0
1740581551,1.04914,1.04923,0.0,0,1740581551549,134,0.0
1740581551,1.04912,1.04921,0.0,0,1740581551839,134,0.0
1740581552,1.0491,1.04919,0.0,0,1740581552167,134,0.0
1740581553,1.04911,1.0492,0.0,0,1740581553177,134,0.0
1740581553,1.04913,1.04922,0.0,0,1740581553272,134,0.0
1740581555,1.04915,1.04924,0.0,0,1740581555721,134,0.0
1740581556,1.04916,1.04925,0.0,0,1740581556312,134,0.0
1740581556,1.04918,1.04927,0.0,0,1740581556327,134,0.0
1740581556,1.04915,1.04924,0.0,0,1740581556718,134,0.0
1740581557,1.04913,1.04922,0.0,0,1740581557224,134,0.0
1740581557,1.04911,1.0492,0.0,0,1740581557402,134,0.0
1740581557,1.04909,1.04918,0.0,0,1740581557721,134,0.0
1740581557,1.04907,1.04916,0.0,0,1740581557729,134,0.0
1740581557,1.04906,1.04915,0.0,0,1740581557742,134,0.0
1740581557,1.04904,1.04913,0.0,0,1740581557795,134,0.0
1740581558,1.04905,1.04914,0.0,0,1740581558865,134,0.0
1740581559,1.04906,1.04915,0.0,0,1740581559904,134,0.0
1740581560,1.04908,1.04917,0.0,0,1740581560179,134,0.0
1740581561,1.0491,1.04919,0.0,0,1740581561011,134,0.0
1740581561,1.04911,1.0492,0.0,0,1740581561272,134,0.0
1740581561,1.04913,1.04922,0.0,0,1740581561904,134,0.0
1740581562,1.04914,1.04923,0.0,0,1740581562061,134,0.0
1740581562,1.04911,1.0492,0.0,0,1740581562108,134,0.0
1740581562,1.04909,1.04918,0.0,0,1740581562458,134,0.0
1740581563,1.04908,1.04917,0.0,0,1740581563025,134,0.0
1740581564,1.0491,1.04919,0.0,0,1740581564031,134,0.0
1740581565,1.04911,1.0492,0.0,0,1740581565240,134,0.0
1740581568,1.04908,1.04917,0.0,0,1740581568316,134,0.0
1740581568,1.04907,1.04916,0.0,0,1740581568593,134,0.0
1740581570,1.0491,1.04919,0.0,0,1740581570089,134,0.0
1740581571,1.04911,1.0492,0.0,0,1740581571104,134,0.0
1740581571,1.04909,1.04918,0.0,0,1740581571510,134,0.0
1740581571,1.04906,1.04915,0.0,0,1740581571524,134,0.0
1740581571,1.04905,1.04914,0.0,0,1740581571550,134,0.0
1740581571,1.04904,1.04913,0.0,0,1740581571980,134,0.0
1740581572,1.04901,1.0491,0.0,0,1740581572123,134,0.0
1740581572,1.04904,1.04913,0.0,0,1740581572178,134,0.0
1740581572,1.04906,1.04915,0.0,0,1740581572261,134,0.0
1740581573,1.04907,1.04916,0.0,0,1740581573533,134,0.0
1740581574,1.04906,1.04915,0.0,0,1740581574554,134,0.0
1740581575,1.04907,1.04916,0.0,0,1740581575266,134,0.0
1740581575,1.04905,1.04914,0.0,0,1740581575331,134,0.0
1740581576,1.04906,1.04915,0.0,0,1740581576333,134,0.0
1740581576,1.04908,1.04917,0.0,0,1740581576865,134,0.0
1740581577,1.04909,1.04918,0.0,0,1740581577866,134,0.0
1740581578,1.04906,1.04915,0.0,0,1740581578592,134,0.0
1740581578,1.04904,1.04913,0.0,0,1740581578670,134,0.0
1740581580,1.04903,1.04912,0.0,0,1740581580089,134,0.0
1740581581,1.04905,1.04914,0.0,0,1740581581138,134,0.0
1740581581,1.04903,1.04912,0.0,0,1740581581162,134,0.0
1740581581,1.04901,1.0491,0.0,0,1740581581327,134,0.0
1740581581,1.049,1.04909,0.0,0,1740581581879,134,0.0
1740581582,1.04898,1.04907,0.0,0,1740581582820,134,0.0
1740581583,1.04897,1.04906,0.0,0,1740581583152,134,0.0
1740581583,1.049,1.04909,0.0,0,1740581583263,134,0.0
1740581583,1.04902,1.04911,0.0,0,1740581583835,134,0.0
1740581583,1.04904,1.04913,0.0,0,1740581583901,134,0.0
1740581584,1.04901,1.0491,0.0,0,1740581584479,134,0.0
1740581585,1.049,1.04909,0.0,0,1740581585508,134,0.0
1740581585,1.04903,1.04912,0.0,0,1740581585771,134,0.0
1740581586,1.04901,1.0491,0.0,0,1740581586817,134,0.0
1740581587,1.04899,1.04908,0.0,0,1740581587469,134,0.0
1740581588,1.04898,1.04907,0.0,0,1740581588482,134,0.0
1740581588,1.04897,1.04906,0.0,0,1740581588716,134,0.0
1740581589,1.049,1.04909,0.0,0,1740581589128,134,0.0
1740581590,1.04901,1.0491,0.0,0,1740581590185,134,0.0
1740581591,1.049,1.04909,0.0,0,1740581591197,134,0.0
1740581591,1.04901,1.0491,0.0,0,1740581591872,134,0.0
1740581592,1.049,1.04909,0.0,0,1740581592888,134,0.0
1740581597,1.04898,1.04907,0.0,0,1740581597489,134,0.0
1740581597,1.04896,1.04905,0.0,0,1740581597528,134,0.0
1740581597,1.04894,1.04903,0.0,0,1740581597541,134,0.0
1740581597,1.04893,1.04902,0.0,0,1740581597554,134,0.0
1740581597,1.04892,1.04901,0.0,0,1740581597617,134,0.0
1740581598,1.04894,1.04903,0.0,0,1740581598035,134,0.0
1740581598,1.04896,1.04905,0.0,0,1740581598068,134,0.0
1740581598,1.04898,1.04907,0.0,0,1740581598137,134,0.0
1740581598,1.04899,1.04908,0.0,0,1740581598212,134,0.0
1740581598,1.04896,1.04905,0.0,0,1740581598492,134,0.0
1740581599,1.04898,1.04907,0.0,0,1740581599494,134,0.0
1740581600,1.049,1.04909,0.0,0,1740581600024,134,0.0
1740581601,1.04901,1.0491,0.0,0,1740581601050,134,0.0
1740581602,1.049,1.04909,0.0,0,1740581602082,134,0.0
1740581602,1.04902,1.04911,0.0,0,1740581602610,134,0.0
1740581603,1.04901,1.0491,0.0,0,1740581603635,134,0.0
1740581605,1.04903,1.04912,0.0,0,1740581605479,134,0.0
1740581605,1.04905,1.04914,0.0,0,1740581605499,134,0.0
1740581606,1.04902,1.04911,0.0,0,1740581606347,134,0.0
1740581606,1.049,1.04909,0.0,0,1740581606437,134,0.0
1740581608,1.04902,1.04911,0.0,0,1740581608445,134,0.0
1740581609,1.049,1.04909,0.0,0,1740581609481,134,0.0
1740581610,1.04901,1.0491,0.0,0,1740581610485,134,0.0
1740581610,1.04902,1.04911,0.0,0,1740581610781,134,0.0
1740581610,1.04904,1.04913,0.0,0,1740581610828,134,0.0
1740581611,1.04906,1.04915,0.0,0,1740581611162,134,0.0
1740581612,1.04904,1.04913,0.0,0,1740581612224,134,0.0
1740581613,1.04903,1.04912,0.0,0,1740581613330,134,0.0
1740581615,1.04904,1.04913,0.0,0,1740581615439,134,0.0
1740581616,1.04905,1.04914,0.0,0,1740581616445,134,0.0
1740581616,1.04902,1.04911,0.0,0,1740581616643,134,0.0
1740581616,1.049,1.04909,0.0,0,1740581616774,134,0.0
1740581617,1.04898,1.04907,0.0,0,1740581617286,134,0.0
1740581617,1.04897,1.04906,0.0,0,1740581617432,134,0.0
1740581617,1.04894,1.04903,0.0,0,1740581617701,134,0.0
1740581618,1.04893,1.04902,0.0,0,1740581618735,134,0.0
1740581621,1.04894,1.04903,0.0,0,1740581621030,134,0.0
1740581623,1.04895,1.04904,0.0,0,1740581623375,134,0.0
1740581625,1.04897,1.04906,0.0,0,1740581625306,134,0.0
1740581625,1.04898,1.04907,0.0,0,1740581625367,134,0.0
1740581626,1.04899,1.04908,0.0,0,1740581626394,134,0.0
1740581627,1.04898,1.04907,0.0,0,1740581627431,134,0.0
1740581628,1.049,1.04909,0.0,0,1740581628974,134,0.0
1740581629,1.04902,1.04911,0.0,0,1740581629976,134,0.0
1740581630,1.04899,1.04908,0.0,0,1740581630980,134,0.0
1740581632,1.049,1.04909,0.0,0,1740581632032,134,0.0
1740581632,1.04902,1.04911,0.0,0,1740581632951,134,0.0
1740581633,1.04904,1.04913,0.0,0,1740581633285,134,0.0
1740581633,1.04901,1.0491,0.0,0,1740581633318,134,0.0
1740581633,1.04899,1.04908,0.0,0,1740581633357,134,0.0
1740581633,1.04901,1.0491,0.0,0,1740581633689,134,0.0
1740581633,1.04903,1.04912,0.0,0,1740581633705,134,0.0
1740581634,1.04905,1.04914,0.0,0,1740581634464,134,0.0
1740581635,1.04903,1.04912,0.0,0,1740581635469,134,0.0
1740581636,1.04905,1.04914,0.0,0,1740581636502,134,0.0
1740581638,1.04906,1.04915,0.0,0,1740581638525,134,0.0
1740581639,1.04905,1.04914,0.0,0,1740581639635,134,0.0
1740581640,1.04905,1.04914,0.0,0,1740581640639,130,0.0
1740581641,1.04906,1.04915,0.0,0,1740581641786,134,0.0
1740581642,1.04905,1.04914,0.0,0,1740581642794,134,0.0
1740581643,1.04906,1.04915,0.0,0,1740581643817,134,0.0
1740581644,1.04908,1.04917,0.0,0,1740581644509,134,0.0
1740581644,1.04905,1.04914,0.0,0,1740581644771,134,0.0
1740581645,1.04906,1.04915,0.0,0,1740581645826,134,0.0
1740581646,1.04908,1.04917,0.0,0,1740581646056,134,0.0
1740581646,1.0491,1.04919,0.0,0,1740581646084,134,0.0
1740581646,1.04912,1.04921,0.0,0,1740581646136,134,0.0
1740581646,1.04909,1.04918,0.0,0,1740581646568,134,0.0
1740581646,1.04907,1.04916,0.0,0,1740581646595,134,0.0
1740581647,1.04906,1.04915,0.0,0,1740581647031,134,0.0
1740581648,1.04908,1.04917,0.0,0,1740581648036,134,0.0
1740581649,1.04907,1.04916,0.0,0,1740581649348,134,0.0
1740581650,1.04905,1.04914,0.0,0,1740581650123,134,0.0
1740581650,1.04903,1.04912,0.0,0,1740581650218,134,0.0
1740581651,1.04904,1.04913,0.0,0,1740581651233,134,0.0
1740581652,1.04905,1.04914,0.0,0,1740581652349,134,0.0
1740581652,1.04907,1.04916,0.0,0,1740581652612,134,0.0
1740581652,1.04909,1.04918,0.0,0,1740581652928,134,0.0
1740581653,1.0491,1.04919,0.0,0,1740581653003,134,0.0
1740581653,1.04912,1.04921,0.0,0,1740581653456,134,0.0
1740581653,1.04913,1.04922,0.0,0,1740581653722,134,0.0
1740581654,1.04911,1.0492,0.0,0,1740581654308,134,0.0
1740581655,1.0491,1.04919,0.0,0,1740581655316,134,0.0
1740581656,1.04909,1.04918,0.0,0,1740581656660,134,0.0
1740581657,1.04908,1.04917,0.0,0,1740581657828,134,0.0
1740581658,1.04906,1.04915,0.0,0,1740581658486,134,0.0
1740581658,1.04905,1.04914,0.0,0,1740581658553,134,0.0
1740581659,1.04908,1.04917,0.0,0,1740581659326,134,0.0
1740581659,1.0491,1.04919,0.0,0,1740581659379,134,0.0
1740581659,1.04911,1.0492,0.0,0,1740581659849,134,0.0
1740581662,1.04908,1.04917,0.0,0,1740581662093,134,0.0
1740581662,1.04911,1.0492,0.0,0,1740581662843,134,0.0
1740581663,1.04913,1.04922,0.0,0,1740581663468,134,0.0
1740581664,1.04912,1.04921,0.0,0,1740581664472,134,0.0
1740581665,1.04914,1.04923,0.0,0,1740581665350,134,0.0
1740581666,1.04916,1.04925,0.0,0,1740581666320,134,0.0
1740581667,1.04914,1.04923,0.0,0,1740581667478,134,0.0
1740581668,1.04915,1.04924,0.0,0,1740581668554,134,0.0
1740581669,1.04916,1.04925,0.0,0,1740581669843,134,0.0
1740581670,1.04915,1.04924,0.0,0,1740581670994,134,0.0
1740581673,1.04914,1.04923,0.0,0,1740581673067,134,0.0
1740581674,1.04915,1.04924,0.0,0,1740581674099,134,0.0
1740581675,1.04916,1.04925,0.0,0,1740581675235,134,0.0
1740581678,1.04914,1.04923,0.0,0,1740581678244,134,0.0
1740581678,1.04912,1.04921,0.0,0,1740581678249,134,0.0
1740581678,1.04911,1.0492,0.0,0,1740581678292,134,0.0
1740581678,1.04914,1.04923,0.0,0,1740581678798,134,0.0
1740581678,1.04916,1.04925,0.0,0,1740581678966,134,0.0
1740581678,1.04917,1.04926,0.0,0,1740581678968,134,0.0
1740581679,1.04916,1.04925,0.0,0,1740581679106,134,0.0
1740581680,1.04915,1.04924,0.0,0,1740581680118,134,0.0
1740581680,1.04913,1.04922,0.0,0,1740581680219,134,0.0
1740581680,1.04911,1.0492,0.0,0,1740581680395,134,0.0
1740581680,1.0491,1.04919,0.0,0,1740581680915,134,0.0
1740581682,1.04909,1.04918,0.0,0,1740581682190,134,0.0
1740581682,1.04911,1.0492,0.0,0,1740581682680,134,0.0
1740581683,1.04913,1.04922,0.0,0,1740581683567,134,0.0
1740581683,1.0491,1.04919,0.0,0,1740581683695,134,0.0
1740581684,1.04909,1.04918,0.0,0,1740581684698,134,0.0
1740581686,1.04908,1.04917,0.0,0,1740581686385,134,0.0
1740581687,1.04906,1.04915,0.0,0,1740581687123,134,0.0
1740581687,1.04905,1.04914,0.0,0,1740581687585,134,0.0
1740581688,1.04903,1.04912,0.0,0,1740581688873,134,0.0
1740581688,1.04902,1.04911,0.0,0,1740581688879,134,0.0
1740581688,1.049,1.04909,0.0,0,1740581688889,134,0.0
1740581688,1.04899,1.04908,0.0,0,1740581688894,134,0.0
1740581688,1.04897,1.04906,0.0,0,1740581688904,134,0.0
1740581689,1.049,1.04909,0.0,0,1740581689090,134,0.0
1740581691,1.04903,1.04912,0.0,0,1740581691775,134,0.0
1740581691,1.04904,1.04913,0.0,0,1740581691825,134,0.0
1740581692,1.04906,1.04915,0.0,0,1740581692569,134,0.0
1740581692,1.04907,1.04916,0.0,0,1740581692586,134,0.0
1740581693,1.04908,1.04917,0.0,0,1740581693559,134,0.0
1740581693,1.04905,1.04914,0.0,0,1740581693802,134,0.0
1740581693,1.04903,1.04912,0.0,0,1740581693911,134,0.0
1740581695,1.04904,1.04913,0.0,0,1740581695089,134,0.0
1740581697,1.04906,1.04915,0.0,0,1740581697206,134,0.0
1740581697,1.04908,1.04917,0.0,0,1740581697230,134,0.0
1740581697,1.0491,1.04919,0.0,0,1740581697250,134,0.0
1740581698,1.04909,1.04918,0.0,0,1740581698383,134,0.0
1740581699,1.04908,1.04917,0.0,0,1740581699390,134,0.0
1740581700,1.04906,1.04915,0.0,0,1740581700136,134,0.0
1740581700,1.04904,1.04913,0.0,0,1740581700144,134,0.0
1740581700,1.04902,1.04911,0.0,0,1740581700192,134,0.0
1740581700,1.04901,1.0491,0.0,0,1740581700219,134,0.0
1740581700,1.04903,1.04912,0.0,0,1740581700530,134,0.0
1740581701,1.04901,1.0491,0.0,0,1740581701035,134,0.0
1740581701,1.04899,1.04908,0.0,0,1740581701374,134,0.0
1740581701,1.04898,1.04907,0.0,0,1740581701470,134,0.0
1740581701,1.04896,1.04905,0.0,0,1740581701710,134,0.0
1740581702,1.04894,1.04903,0.0,0,1740581702153,134,0.0
1740581702,1.04893,1.04902,0.0,0,1740581702168,134,0.0
1740581702,1.04891,1.049,0.0,0,1740581702263,134,0.0
1740581703,1.0489,1.04899,0.0,0,1740581703873,134,0.0
1740581704,1.04888,1.04897,0.0,0,1740581704335,134,0.0
1740581706,1.0489,1.04899,0.0,0,1740581706191,134,0.0
1740581708,1.04891,1.049,0.0,0,1740581708203,134,0.0
1740581709,1.0489,1.04899,0.0,0,1740581709230,134,0.0
1740581710,1.04891,1.049,0.0,0,1740581710703,134,0.0
1740581711,1.04889,1.04898,0.0,0,1740581711331,134,0.0
1740581712,1.04892,1.04901,0.0,0,1740581712698,134,0.0
1740581716,1.0489,1.04899,0.0,0,1740581716325,134,0.0
1740581717,1.04892,1.04901,0.0,0,1740581717511,134,0.0
1740581718,1.04889,1.04898,0.0,0,1740581718011,134,0.0
1740581718,1.04887,1.04896,0.0,0,1740581718044,134,0.0
1740581718,1.04886,1.04895,0.0,0,1740581718088,134,0.0
1740581718,1.04884,1.04893,0.0,0,1740581718224,134,0.0
1740581718,1.04883,1.04892,0.0,0,1740581718250,134,0.0
1740581718,1.04881,1.0489,0.0,0,1740581718931,134,0.0
1740581719,1.04883,1.04892,0.0,0,1740581719936,134,0.0
1740581720,1.04884,1.04893,0.0,0,1740581720948,134,0.0
1740581722,1.04886,1.04895,0.0,0,1740581722043,134,0.0
1740581723,1.04884,1.04893,0.0,0,1740581723043,134,0.0
1740581723,1.04882,1.04891,0.0,0,1740581723222,134,0.0
1740581723,1.04881,1.0489,0.0,0,1740581723282,134,0.0
1740581725,1.04879,1.04888,0.0,0,1740581725267,134,0.0
1740581726,1.04878,1.04887,0.0,0,1740581726467,134,0.0
1740581727,1.04877,1.04886,0.0,0,1740581727722,134,0.0
1740581727,1.04876,1.04885,0.0,0,1740581727788,134,0.0
1740581728,1.04875,1.04884,0.0,0,1740581728792,134,0.0
1740581732,1.04877,1.04886,0.0,0,1740581732217,134,0.0
1740581733,1.04879,1.04888,0.0,0,1740581733714,134,0.0
1740581733,1.04881,1.0489,0.0,0,1740581733743,134,0.0
1740581734,1.04882,1.04891,0.0,0,1740581734933,134,0.0
1740581736,1.0488,1.04889,0.0,0,1740581736854,134,0.0
1740581737,1.04878,1.04887,0.0,0,1740581737239,134,0.0
1740581737,1.04876,1.04885,0.0,0,1740581737246,134,0.0
1740581737,1.04875,1.04884,0.0,0,1740581737274,134,0.0
1740581737,1.04874,1.04883,0.0,0,1740581737923,134,0.0
1740581738,1.04876,1.04885,0.0,0,1740581738087,134,0.0
1740581738,1.04879,1.04888,0.0,0,1740581738343,134,0.0
1740581739,1.0488,1.04889,0.0,0,1740581739239,134,0.0
1740581742,1.04882,1.04891,0.0,0,1740581742412,134,0.0
1740581742,1.04884,1.04893,0.0,0,1740581742494,134,0.0
1740581742,1.04885,1.04894,0.0,0,1740581742548,134,0.0
1740581742,1.04887,1.04896,0.0,0,1740581742575,134,0.0
1740581742,1.04889,1.04898,0.0,0,1740581742622,134,0.0
1740581742,1.0489,1.04899,0.0,0,1740581742719,134,0.0
1740581742,1.04891,1.049,0.0,0,1740581742848,134,0.0
1740581742,1.04893,1.04902,0.0,0,1740581742879,134,0.0
1740581743,1.0489,1.04899,0.0,0,1740581743886,134,0.0
1740581743,1.04893,1.04902,0.0,0,1740581743965,134,0.0
1740581745,1.04892,1.04901,0.0,0,1740581745102,134,0.0
1740581745,1.0489,1.04899,0.0,0,1740581745228,134,0.0
1740581745,1.04889,1.04898,0.0,0,1740581745391,134,0.0
1740581748,1.04888,1.04897,0.0,0,1740581748773,134,0.0
1740581749,1.0489,1.04899,0.0,0,1740581749382,134,0.0
1740581750,1.04891,1.049,0.0,0,1740581750395,134,0.0
1740581751,1.04889,1.04898,0.0,0,1740581751117,134,0.0
1740581751,1.04887,1.04896,0.0,0,1740581751124,134,0.0
1740581751,1.04885,1.04894,0.0,0,1740581751180,134,0.0
1740581753,1.04886,1.04895,0.0,0,1740581753221,134,0.0
1740581755,1.04888,1.04897,0.0,0,1740581755374,134,0.0
1740581755,1.0489,1.04899,0.0,0,1740581755416,134,0.0
1740581756,1.04892,1.04901,0.0,0,1740581756119,134,0.0
1740581756,1.04889,1.04898,0.0,0,1740581756370,134,0.0
1740581757,1.04891,1.049,0.0,0,1740581757524,134,0.0
1740581759,1.04889,1.04898,0.0,0,1740581759043,134,0.0
1740581760,1.04889,1.04898,0.0,0,1740581760100,130,0.0
1740581760,1.04887,1.04896,0.0,0,1740581760297,134,0.0
1740581761,1.04886,1.04895,0.0,0,1740581761336,134,0.0
1740581764,1.04885,1.04894,0.0,0,1740581764316,134,0.0
1740581765,1.04887,1.04896,0.0,0,1740581765154,134,0.0
1740581768,1.04888,1.04897,0.0,0,1740581768270,134,0.0
1740581771,1.04889,1.04898,0.0,0,1740581771343,134,0.0
1740581772,1.04888,1.04897,0.0,0,1740581772348,134,0.0
1740581772,1.04886,1.04895,0.0,0,1740581772739,134,0.0
1740581773,1.04887,1.04896,0.0,0,1740581773752,134,0.0
1740581775,1.04888,1.04897,0.0,0,1740581775795,134,0.0
1740581777,1.04886,1.04895,0.0,0,1740581777314,134,0.0
1740581777,1.04884,1.04893,0.0,0,1740581777332,134,0.0
1740581777,1.04887,1.04896,0.0,0,1740581777519,134,0.0
1740581779,1.04885,1.04894,0.0,0,1740581779709,134,0.0
1740581781,1.04884,1.04893,0.0,0,1740581781352,134,0.0
1740581781,1.04882,1.04891,0.0,0,1740581781415,134,0.0
1740581782,1.04885,1.04894,0.0,0,1740581782354,134,0.0
1740581782,1.04887,1.04896,0.0,0,1740581782388,134,0.0
1740581782,1.04888,1.04897,0.0,0,1740581782429,134,0.0
1740581782,1.0489,1.04899,0.0,0,1740581782448,134,0.0
1740581783,1.04887,1.04896,0.0,0,1740581783450,134,0.0
1740581787,1.04885,1.04894,0.0,0,1740581787092,134,0.0
1740581788,1.04887,1.04896,0.0,0,1740581788217,134,0.0
1740581794,1.04889,1.04898,0.0,0,1740581794321,134,0.0
1740581794,1.04891,1.049,0.0,0,1740581794334,134,0.0
1740581794,1.04892,1.04901,0.0,0,1740581794565,134,0.0
1740581794,1.04894,1.04903,0.0,0,1740581794593,134,0.0
1740581796,1.04892,1.04901,0.0,0,1740581796150,134,0.0
1740581796,1.04894,1.04903,0.0,0,1740581796186,134,0.0
1740581797,1.04895,1.04904,0.0,0,1740581797257,134,0.0
1740581797,1.04896,1.04905,0.0,0,1740581797630,134,0.0
1740581797,1.04898,1.04907,0.0,0,1740581797739,134,0.0
1740581798,1.04899,1.04908,0.0,0,1740581798756,134,0.0
1740581799,1.04898,1.04907,0.0,0,1740581799842,134,0.0
1740581802,1.04896,1.04905,0.0,0,1740581802564,134,0.0
1740581803,1.04894,1.04903,0.0,0,1740581803068,134,0.0
1740581803,1.04897,1.04906,0.0,0,1740581803271,134,0.0
1740581808,1.04896,1.04905,0.0,0,1740581808276,134,0.0
1740581809,1.04898,1.04907,0.0,0,1740581809451,134,0.0
1740581810,1.04896,1.04905,0.0,0,1740581810762,134,0.0
1740581811,1.04898,1.04907,0.0,0,1740581811190,134,0.0
1740581811,1.04896,1.04905,0.0,0,1740581811368,134,0.0
1740581812,1.04897,1.04906,0.0,0,1740581812413,134,0.0
1740581813,1.04898,1.04907,0.0,0,1740581813443,134,0.0
1740581814,1.04897,1.04906,0.0,0,1740581814613,134,0.0
1740581815,1.04899,1.04908,0.0,0,1740581815478,134,0.0
1740581816,1.04901,1.0491,0.0,0,1740581816195,134,0.0
1740581817,1.04899,1.04908,0.0,0,1740581817325,134,0.0
1740581819,1.04898,1.04907,0.0,0,1740581819994,134,0.0
1740581821,1.04898,1.04907,0.0,0,1740581821021,130,0.0
1740581825,1.04897,1.04906,0.0,0,1740581825392,134,0.0
1740581828,1.04898,1.04907,0.0,0,1740581828677,134,0.0
1740581831,1.04895,1.04904,0.0,0,1740581831465,134,0.0
1740581831,1.04898,1.04907,0.0,0,1740581831800,134,0.0
1740581834,1.04899,1.04908,0.0,0,1740581834560,134,0.0
1740581834,1.04901,1.0491,0.0,0,1740581834687,134,0.0
1740581835,1.04902,1.04911,0.0,0,1740581835300,134,0.0
1740581836,1.049,1.04909,0.0,0,1740581836468,134,0.0
1740581837,1.04902,1.04911,0.0,0,1740581837083,134,0.0
1740581837,1.04904,1.04913,0.0,0,1740581837101,134,0.0
1740581840,1.04903,1.04912,0.0,0,1740581840096,134,0.0
1740581847,1.049,1.04909,0.0,0,1740581847120,134,0.0
1740581848,1.04901,1.0491,0.0,0,1740581848163,134,0.0
1740581848,1.04903,1.04912,0.0,0,1740581848887,134,0.0
1740581848,1.04901,1.0491,0.0,0,1740581848897,134,0.0
1740581850,1.049,1.04909,0.0,0,1740581850126,134,0.0
1740581851,1.04901,1.0491,0.0,0,1740581851248,134,0.0
1740581853,1.04899,1.04908,0.0,0,1740581853494,134,0.0
1740581853,1.04898,1.04907,0.0,0,1740581853502,134,0.0
1740581853,1.04896,1.04905,0.0,0,1740581853606,134,0.0
1740581854,1.04897,1.04906,0.0,0,1740581854829,134,0.0
1740581854,1.04895,1.04904,0.0,0,1740581854857,134,0.0
1740581854,1.04893,1.04902,0.0,0,1740581854969,134,0.0
1740581856,1.04894,1.04903,0.0,0,1740581856063,134,0.0
1740581857,1.04897,1.04906,0.0,0,1740581857061,134,0.0
1740581857,1.04898,1.04907,0.0,0,1740581857520,134,0.0
1740581858,1.04899,1.04908,0.0,0,1740581858529,134,0.0
1740581860,1.04897,1.04906,0.0,0,1740581860777,134,0.0
1740581861,1.04899,1.04908,0.0,0,1740581861673,134,0.0
1740581861,1.04901,1.0491,0.0,0,1740581861713,134,0.0
1740581862,1.04902,1.04911,0.0,0,1740581862158,134,0.0
1740581863,1.04903,1.04912,0.0,0,1740581863058,134,0.0
1740581863,1.049,1.04909,0.0,0,1740581863139,134,0.0
1740581863,1.04898,1.04907,0.0,0,1740581863566,134,0.0
1740581864,1.049,1.04909,0.0,0,1740581864523,134,0.0
1740581864,1.04902,1.04911,0.0,0,1740581864884,134,0.0
1740581865,1.04899,1.04908,0.0,0,1740581865541,134,0.0
1740581865,1.04897,1.04906,0.0,0,1740581865573,134,0.0
1740581866,1.04896,1.04905,0.0,0,1740581866226,134,0.0
1740581867,1.04898,1.04907,0.0,0,1740581867267,134,0.0
1740581867,1.04901,1.0491,0.0,0,1740581867867,134,0.0
1740581867,1.04902,1.04911,0.0,0,1740581867990,134,0.0
1740581868,1.04904,1.04913,0.0,0,1740581868338,134,0.0
1740581870,1.04903,1.04912,0.0,0,1740581870540,134,0.0
1740581870,1.04905,1.04914,0.0,0,1740581870583,134,0.0
1740581871,1.04907,1.04916,0.0,0,1740581871016,134,0.0
1740581871,1.04908,1.04917,0.0,0,1740581871033,134,0.0
1740581871,1.0491,1.04919,0.0,0,1740581871077,134,0.0
1740581872,1.04907,1.04916,0.0,0,1740581872104,134,0.0
1740581872,1.04906,1.04915,0.0,0,1740581872865,134,0.0
1740581874,1.04907,1.04916,0.0,0,1740581874642,134,0.0
1740581879,1.04909,1.04918,0.0,0,1740581879670,134,0.0
1740581879,1.04911,1.0492,0.0,0,1740581879688,134,0.0
1740581879,1.04912,1.04921,0.0,0,1740581879725,134,0.0
1740581879,1.04913,1.04922,0.0,0,1740581879777,134,0.0
1740581879,1.04915,1.04924,0.0,0,1740581879918,134,0.0
1740581880,1.04913,1.04922,0.0,0,1740581880987,134,0.0
1740581883,1.04912,1.04921,0.0,0,1740581883191,134,0.0
1740581884,1.04913,1.04922,0.0,0,1740581884647,134,0.0
1740581886,1.04916,1.04925,0.0,0,1740581886248,134,0.0
1740581886,1.04913,1.04922,0.0,0,1740581886670,134,0.0
1740581887,1.04912,1.04921,0.0,0,1740581887668,134,0.0
1740581888,1.0491,1.04919,0.0,0,1740581888185,134,0.0
1740581892,1.04912,1.04921,0.0,0,1740581892218,134,0.0
1740581893,1.04911,1.0492,0.0,0,1740581893311,134,0.0
1740581893,1.04913,1.04922,0.0,0,1740581893502,134,0.0
1740581893,1.04915,1.04924,0.0,0,1740581893514,134,0.0
1740581895,1.04916,1.04925,0.0,0,1740581895039,134,0.0
1740581896,1.04915,1.04924,0.0,0,1740581896202,134,0.0
1740581897,1.04914,1.04923,0.0,0,1740581897250,134,0.0
1740581901,1.04912,1.04921,0.0,0,1740581901949,134,0.0
1740581902,1.04914,1.04923,0.0,0,1740581902810,134,0.0
1740581906,1.04911,1.0492,0.0,0,1740581906281,134,0.0
1740581906,1.0491,1.04919,0.0,0,1740581906322,134,0.0
1740581910,1.04909,1.04918,0.0,0,1740581910072,134,0.0
1740581910,1.04907,1.04916,0.0,0,1740581910765,134,0.0
1740581910,1.04905,1.04914,0.0,0,1740581910795,134,0.0
1740581911,1.04903,1.04912,0.0,0,1740581911061,134,0.0
1740581911,1.04906,1.04915,0.0,0,1740581911240,134,0.0
1740581911,1.04908,1.04917,0.0,0,1740581911275,134,0.0
1740581911,1.04905,1.04914,0.0,0,1740581911369,134,0.0
1740581911,1.04903,1.04912,0.0,0,1740581911702,134,0.0
1740581914,1.04905,1.04914,0.0,0,1740581914989,134,0.0
1740581916,1.04903,1.04912,0.0,0,1740581916216,134,0.0
1740581918,1.04904,1.04913,0.0,0,1740581918868,134,0.0
1740581919,1.04905,1.04914,0.0,0,1740581919998,134,0.0
1740581920,1.04907,1.04916,0.0,0,1740581920443,134,0.0
1740581921,1.04906,1.04915,0.0,0,1740581921712,134,0.0
1740581922,1.04905,1.04914,0.0,0,1740581922997,134,0.0
1740581923,1.04903,1.04912,0.0,0,1740581923805,134,0.0
1740581925,1.04904,1.04913,0.0,0,1740581925036,134,0.0
1740581926,1.04905,1.04914,0.0,0,1740581926109,134,0.0
1740581927,1.04906,1.04915,0.0,0,1740581927210,134,0.0
1740581928,1.04904,1.04913,0.0,0,1740581928503,134,0.0
1740581929,1.04903,1.04912,0.0,0,1740581929891,134,0.0
1740581930,1.04905,1.04914,0.0,0,1740581930077,134,0.0
1740581932,1.04903,1.04912,0.0,0,1740581932789,134,0.0
1740581933,1.04906,1.04915,0.0,0,1740581933853,134,0.0
1740581935,1.04903,1.04912,0.0,0,1740581935154,134,0.0
1740581936,1.04906,1.04915,0.0,0,1740581936160,134,0.0
1740581938,1.04904,1.04913,0.0,0,1740581938851,134,0.0
1740581939,1.04901,1.0491,0.0,0,1740581939932,134,0.0
1740581940,1.049,1.04909,0.0,0,1740581940898,134,0.0
1740581941,1.04899,1.04908,0.0,0,1740581941183,134,0.0
1740581941,1.04897,1.04906,0.0,0,1740581941894,134,0.0
1740581941,1.04895,1.04904,0.0,0,1740581941922,134,0.0
1740581942,1.04894,1.04903,0.0,0,1740581942534,134,0.0
1740581943,1.04895,1.04904,0.0,0,1740581943940,134,0.0
1740581945,1.04896,1.04905,0.0,0,1740581945224,134,0.0
1740581946,1.04897,1.04906,0.0,0,1740581946232,134,0.0
1740581948,1.04894,1.04903,0.0,0,1740581948094,134,0.0
1740581948,1.04892,1.04901,0.0,0,1740581948097,134,0.0
1740581948,1.04897,1.04906,0.0,0,1740581948463,134,0.0
1740581949,1.04898,1.04907,0.0,0,1740581949871,134,0.0
1740581952,1.04896,1.04905,0.0,0,1740581952930,134,0.0
1740581953,1.04895,1.04904,0.0,0,1740581953916,134,0.0
1740581955,1.04893,1.04902,0.0,0,1740581955895,134,0.0
1740581957,1.04891,1.049,0.0,0,1740581957143,134,0.0
1740581958,1.04892,1.04901,0.0,0,1740581958196,134,0.0
1740581959,1.04893,1.04902,0.0,0,1740581959363,134,0.0
1740581960,1.04892,1.04901,0.0,0,1740581960597,134,0.0
1740581960,1.0489,1.04899,0.0,0,1740581960602,134,0.0
1740581960,1.04889,1.04898,0.0,0,1740581960606,134,0.0
1740581960,1.04887,1.04896,0.0,0,1740581960618,134,0.0
1740581960,1.04886,1.04895,0.0,0,1740581960630,134,0.0
1740581960,1.04884,1.04893,0.0,0,1740581960972,134,0.0
1740581961,1.04887,1.04896,0.0,0,1740581961563,134,0.0
1740581961,1.04889,1.04898,0.0,0,1740581961605,134,0.0
1740581962,1.04891,1.049,0.0,0,1740581962618,134,0.0
1740581962,1.04887,1.04896,0.0,0,1740581962922,134,0.0
1740581963,1.04885,1.04894,0.0,0,1740581963068,134,0.0
1740581963,1.04883,1.04892,0.0,0,1740581963656,134,0.0
1740581964,1.04885,1.04894,0.0,0,1740581964772,134,0.0
1740581964,1.04883,1.04892,0.0,0,1740581964852,134,0.0
1740581965,1.04885,1.04894,0.0,0,1740581965189,134,0.0
1740581966,1.04886,1.04895,0.0,0,1740581966629,134,0.0
1740581967,1.04887,1.04896,0.0,0,1740581967084,134,0.0
1740581968,1.04888,1.04897,0.0,0,1740581968086,134,0.0
1740581968,1.04886,1.04895,0.0,0,1740581968506,134,0.0
1740581970,1.04888,1.04897,0.0,0,1740581970125,134,0.0
1740581971,1.04887,1.04896,0.0,0,1740581971238,134,0.0
1740581972,1.04889,1.04898,0.0,0,1740581972595,134,0.0
1740581972,1.04891,1.049,0.0,0,1740581972619,134,0.0
1740581972,1.04893,1.04902,0.0,0,1740581972940,134,0.0
1740581974,1.04892,1.04901,0.0,0,1740581974811,134,0.0
1740581976,1.04894,1.04903,0.0,0,1740581976704,134,0.0
1740581977,1.04893,1.04902,0.0,0,1740581977970,134,0.0
1740581979,1.04892,1.04901,0.0,0,1740581979286,134,0.0
1740581979,1.0489,1.04899,0.0,0,1740581979586,134,0.0
1740581980,1.04892,1.04901,0.0,0,1740581980589,134,0.0
1740581980,1.0489,1.04899,0.0,0,1740581980818,134,0.0
1740581982,1.04892,1.04901,0.0,0,1740581982279,134,0.0
1740581983,1.04891,1.049,0.0,0,1740581983283,134,0.0
1740581984,1.04889,1.04898,0.0,0,1740581984666,134,0.0
1740581986,1.04892,1.04901,0.0,0,1740581986167,134,0.0
1740581986,1.04889,1.04898,0.0,0,1740581986197,134,0.0
1740581987,1.04892,1.04901,0.0,0,1740581987290,134,0.0
1740581989,1.04891,1.049,0.0,0,1740581989527,134,0.0
1740581990,1.04892,1.04901,0.0,0,1740581990543,134,0.0
1740581991,1.04893,1.04902,0.0,0,1740581991695,134,0.0
1740581992,1.04894,1.04903,0.0,0,1740581992646,134,0.0
1740581993,1.04893,1.04902,0.0,0,1740581993715,134,0.0
1740581994,1.04895,1.04904,0.0,0,1740581994031,134,0.0
1740581995,1.04894,1.04903,0.0,0,1740581995055,134,0.0
1740581996,1.04895,1.04904,0.0,0,1740581996059,134,0.0
1740581997,1.04892,1.04901,0.0,0,1740581997046,134,0.0
1740581998,1.04894,1.04903,0.0,0,1740581998047,134,0.0
1740581998,1.04896,1.04905,0.0,0,1740581998669,134,0.0
1740582000,1.04894,1.04903,0.0,0,1740582000798,134,0.0
1740582001,1.04897,1.04906,0.0,0,1740582001001,134,0.0
1740582002,1.04896,1.04905,0.0,0,1740582002021,134,0.0
1740582003,1.04894,1.04903,0.0,0,1740582003099,134,0.0
1740582003,1.04892,1.04901,0.0,0,1740582003257,134,0.0
1740582003,1.0489,1.04899,0.0,0,1740582003813,134,0.0
1740582004,1.04893,1.04902,0.0,0,1740582004894,134,0.0
1740582005,1.04891,1.049,0.0,0,1740582005274,134,0.0
1740582005,1.04893,1.04902,0.0,0,1740582005358,134,0.0
1740582007,1.04892,1.04901,0.0,0,1740582007310,134,0.0
1740582008,1.04893,1.04902,0.0,0,1740582008197,134,0.0
1740582009,1.04891,1.049,0.0,0,1740582009091,134,0.0
1740582010,1.0489,1.04899,0.0,0,1740582010147,134,0.0
1740582011,1.04894,1.04903,0.0,0,1740582011048,134,0.0
1740582011,1.04895,1.04904,0.0,0,1740582011150,134,0.0
1740582011,1.04892,1.04901,0.0,0,1740582011466,134,0.0
1740582012,1.04891,1.049,0.0,0,1740582012554,134,0.0
1740582013,1.0489,1.04899,0.0,0,1740582013061,134,0.0
1740582014,1.04891,1.049,0.0,0,1740582014101,134,0.0
1740582014,1.04888,1.04897,0.0,0,1740582014990,134,0.0
1740582015,1.04891,1.049,0.0,0,1740582015101,134,0.0
1740582016,1.04895,1.04904,0.0,0,1740582016150,134,0.0
1740582016,1.04896,1.04905,0.0,0,1740582016266,134,0.0
1740582016,1.049,1.04909,0.0,0,1740582016482,134,0.0
1740582016,1.04901,1.0491,0.0,0,1740582016883,134,0.0
1740582016,1.04904,1.04913,0.0,0,1740582016973,134,0.0
1740582017,1.04905,1.04914,0.0,0,1740582017139,134,0.0
1740582018,1.04904,1.04913,0.0,0,1740582018169,134,0.0
1740582020,1.049,1.04909,0.0,0,1740582020511,134,0.0
1740582020,1.04899,1.04908,0.0,0,1740582020979,134,0.0
1740582021,1.04897,1.04906,0.0,0,1740582021367,134,0.0
1740582022,1.04896,1.04905,0.0,0,1740582022656,134,0.0
1740582022,1.04898,1.04907,0.0,0,1740582022766,134,0.0
1740582023,1.04902,1.04911,0.0,0,1740582023907,134,0.0
1740582024,1.04904,1.04913,0.0,0,1740582024478,134,0.0
1740582024,1.04905,1.04914,0.0,0,1740582024669,134,0.0
1740582025,1.04906,1.04915,0.0,0,1740582025850,134,0.0
1740582025,1.04902,1.04911,0.0,0,1740582025975,134,0.0
1740582026,1.04901,1.0491,0.0,0,1740582026993,134,0.0
1740582027,1.04899,1.04908,0.0,0,1740582027096,134,0.0
1740582027,1.04901,1.0491,0.0,0,1740582027458,134,0.0
1740582028,1.049,1.04909,0.0,0,1740582028481,134,0.0
1740582028,1.04891,1.049,0.0,0,1740582028716,134,0.0
1740582028,1.04894,1.04903,0.0,0,1740582028908,134,0.0
1740582029,1.04895,1.04904,0.0,0,1740582029993,134,0.0
1740582030,1.04893,1.04902,0.0,0,1740582030106,134,0.0
1740582030,1.04892,1.04901,0.0,0,1740582030634,134,0.0
1740582030,1.04894,1.04903,0.0,0,1740582030873,134,0.0
1740582030,1.04896,1.04905,0.0,0,1740582030953,134,0.0
1740582031,1.04895,1.04904,0.0,0,1740582031995,134,0.0
1740582036,1.04893,1.04902,0.0,0,1740582036039,134,0.0
1740582037,1.04892,1.04901,0.0,0,1740582037555,134,0.0
1740582038,1.0489,1.04899,0.0,0,1740582038074,134,0.0
1740582039,1.04893,1.04902,0.0,0,1740582039100,134,0.0
1740582040,1.04891,1.049,0.0,0,1740582040152,134,0.0
1740582041,1.04892,1.04901,0.0,0,1740582041371,134,0.0
1740582042,1.04891,1.049,0.0,0,1740582042631,134,0.0
1740582044,1.0489,1.04899,0.0,0,1740582044028,134,0.0
1740582045,1.04888,1.04897,0.0,0,1740582045799,134,0.0
1740582046,1.04885,1.04894,0.0,0,1740582046023,134,0.0
1740582046,1.04884,1.04893,0.0,0,1740582046106,134,0.0
1740582047,1.04886,1.04895,0.0,0,1740582047233,134,0.0
1740582049,1.04888,1.04897,0.0,0,1740582049138,134,0.0
1740582052,1.04886,1.04895,0.0,0,1740582052771,134,0.0
1740582057,1.04887,1.04896,0.0,0,1740582057068,134,0.0
1740582059,1.04886,1.04895,0.0,0,1740582059052,134,0.0
1740582060,1.04886,1.04895,0.0,0,1740582060106,130,0.0
1740582060,1.04888,1.04897,0.0,0,1740582060321,134,0.0
1740582066,1.04887,1.04896,0.0,0,1740582066146,134,0.0
1740582067,1.04885,1.04894,0.0,0,1740582067072,134,0.0
1740582067,1.04884,1.04893,0.0,0,1740582067219,134,0.0
1740582068,1.04886,1.04895,0.0,0,1740582068323,134,0.0
1740582069,1.04884,1.04893,0.0,0,1740582069067,134,0.0
1740582070,1.04881,1.0489,0.0,0,1740582070154,134,0.0
1740582071,1.0488,1.04889,0.0,0,1740582071159,134,0.0
1740582072,1.04881,1.0489,0.0,0,1740582072402,134,0.0
1740582073,1.04878,1.04887,0.0,0,1740582073068,134,0.0
1740582074,1.04876,1.04885,0.0,0,1740582074158,134,0.0
1740582075,1.04875,1.04884,0.0,0,1740582075067,134,0.0
1740582075,1.04876,1.04885,0.0,0,1740582075459,134,0.0
1740582078,1.04875,1.04884,0.0,0,1740582078869,134,0.0
1740582081,1.04871,1.0488,0.0,0,1740582081046,134,0.0
1740582081,1.04865,1.04874,0.0,0,1740582081131,134,0.0
1740582083,1.04867,1.04876,0.0,0,1740582083255,134,0.0
1740582084,1.04865,1.04874,0.0,0,1740582084038,134,0.0
1740582084,1.0486,1.04869,0.0,0,1740582084203,134,0.0
1740582084,1.04863,1.04872,0.0,0,1740582084349,134,0.0
1740582084,1.04861,1.0487,0.0,0,1740582084718,134,0.0
1740582084,1.04864,1.04873,0.0,0,1740582084863,134,0.0
1740582085,1.04863,1.04872,0.0,0,1740582085103,134,0.0
1740582085,1.04858,1.04867,0.0,0,1740582085483,134,0.0
1740582086,1.04859,1.04868,0.0,0,1740582086540,134,0.0
1740582086,1.04865,1.04874,0.0,0,1740582086948,134,0.0
1740582087,1.04866,1.04875,0.0,0,1740582087103,134,0.0
1740582087,1.04863,1.04872,0.0,0,1740582087278,134,0.0
1740582087,1.04862,1.04871,0.0,0,1740582087396,134,0.0
1740582090,1.04859,1.04868,0.0,0,1740582090098,134,0.0
1740582090,1.04858,1.04867,0.0,0,1740582090239,134,0.0
1740582090,1.04859,1.04868,0.0,0,1740582090801,134,0.0
1740582090,1.04856,1.04865,0.0,0,1740582090920,134,0.0
1740582092,1.04854,1.04863,0.0,0,1740582092095,134,0.0
1740582092,1.04856,1.04865,0.0,0,1740582092397,134,0.0
1740582093,1.04857,1.04866,0.0,0,1740582093774,134,0.0
1740582094,1.04858,1.04867,0.0,0,1740582094774,134,0.0
1740582095,1.04861,1.0487,0.0,0,1740582095308,134,0.0
1740582096,1.04864,1.04873,0.0,0,1740582096348,134,0.0
1740582097,1.04861,1.0487,0.0,0,1740582097152,134,0.0
1740582100,1.04863,1.04872,0.0,0,1740582100199,134,0.0
1740582100,1.04865,1.04874,0.0,0,1740582100413,134,0.0
1740582100,1.04866,1.04875,0.0,0,1740582100642,134,0.0
1740582101,1.04868,1.04877,0.0,0,1740582101117,134,0.0
1740582101,1.0487,1.04879,0.0,0,1740582101524,134,0.0
1740582101,1.04867,1.04876,0.0,0,1740582101682,134,0.0
1740582102,1.04864,1.04873,0.0,0,1740582102776,134,0.0
1740582103,1.04866,1.04875,0.0,0,1740582103269,134,0.0
1740582104,1.04867,1.04876,0.0,0,1740582104529,134,0.0
1740582105,1.04864,1.04873,0.0,0,1740582105718,134,0.0
1740582106,1.04862,1.04871,0.0,0,1740582106193,134,0.0
1740582107,1.0486,1.04869,0.0,0,1740582107284,134,0.0
1740582108,1.04859,1.04868,0.0,0,1740582108136,134,0.0
1740582110,1.04856,1.04865,0.0,0,1740582110097,134,0.0
1740582110,1.04854,1.04863,0.0,0,1740582110179,134,0.0
1740582110,1.0486,1.04869,0.0,0,1740582110491,134,0.0
1740582110,1.04861,1.0487,0.0,0,1740582110719,134,0.0
1740582111,1.04862,1.04871,0.0,0,1740582111138,134,0.0
1740582111,1.04863,1.04872,0.0,0,1740582111504,134,0.0
1740582112,1.04862,1.04871,0.0,0,1740582112646,134,0.0
1740582113,1.04863,1.04872,0.0,0,1740582113843,134,0.0
1740582114,1.0486,1.04869,0.0,0,1740582114176,134,0.0
1740582116,1.04858,1.04867,0.0,0,1740582116002,134,0.0
1740582116,1.04859,1.04868,0.0,0,1740582116224,134,0.0
1740582117,1.0486,1.04869,0.0,0,1740582117224,134,0.0
1740582119,1.04858,1.04867,0.0,0,1740582119702,134,0.0
1740582120,1.04856,1.04865,0.0,0,1740582120437,134,0.0
1740582121,1.04855,1.04864,0.0,0,1740582121143,134,0.0
1740582122,1.04856,1.04865,0.0,0,1740582122144,134,0.0
1740582122,1.04854,1.04863,0.0,0,1740582122477,134,0.0
1740582122,1.04851,1.0486,0.0,0,1740582122556,134,0.0
1740582122,1.0485,1.04859,0.0,0,1740582122995,134,0.0
1740582123,1.04849,1.04858,0.0,0,1740582123215,134,0.0
1740582123,1.04846,1.04855,0.0,0,1740582123621,134,0.0
1740582124,1.04848,1.04857,0.0,0,1740582124820,134,0.0
1740582125,1.04851,1.0486,0.0,0,1740582125801,134,0.0
1740582126,1.04848,1.04857,0.0,0,1740582126459,134,0.0
1740582127,1.04846,1.04855,0.0,0,1740582127168,134,0.0
1740582127,1.04847,1.04856,0.0,0,1740582127455,134,0.0
1740582127,1.04849,1.04858,0.0,0,1740582127699,134,0.0
1740582128,1.0485,1.04859,0.0,0,1740582128893,134,0.0
1740582128,1.04847,1.04856,0.0,0,1740582128977,134,0.0
1740582131,1.04845,1.04854,0.0,0,1740582131185,134,0.0
1740582131,1.04842,1.04851,0.0,0,1740582131282,134,0.0
1740582132,1.04843,1.04852,0.0,0,1740582132294,134,0.0
1740582132,1.04841,1.0485,0.0,0,1740582132868,134,0.0
1740582133,1.04835,1.04844,0.0,0,1740582133224,134,0.0
1740582133,1.04832,1.04841,0.0,0,1740582133701,134,0.0
1740582134,1.0483,1.04839,0.0,0,1740582134220,134,0.0
1740582135,1.04829,1.04838,0.0,0,1740582135220,134,0.0
1740582135,1.04825,1.04834,0.0,0,1740582135303,134,0.0
1740582135,1.04824,1.04833,0.0,0,1740582135517,134,0.0
1740582136,1.04826,1.04835,0.0,0,1740582136458,134,0.0
1740582137,1.04824,1.04833,0.0,0,1740582137458,134,0.0
1740582137,1.04823,1.04832,0.0,0,1740582137750,134,0.0
1740582138,1.04822,1.04831,0.0,0,1740582138552,134,0.0
1740582139,1.04825,1.04834,0.0,0,1740582139710,134,0.0
1740582139,1.04827,1.04836,0.0,0,1740582139824,134,0.0
1740582141,1.04832,1.04841,0.0,0,1740582141313,134,0.0
1740582142,1.04831,1.0484,0.0,0,1740582142013,134,0.0
1740582142,1.04826,1.04835,0.0,0,1740582142212,134,0.0
1740582142,1.04823,1.04832,0.0,0,1740582142784,134,0.0
1740582142,1.04822,1.04831,0.0,0,1740582142910,134,0.0
1740582143,1.04821,1.0483,0.0,0,1740582143664,134,0.0
1740582143,1.04823,1.04832,0.0,0,1740582143793,134,0.0
1740582144,1.04824,1.04833,0.0,0,1740582144832,134,0.0
1740582145,1.04823,1.04832,0.0,0,1740582145897,134,0.0
1740582146,1.04825,1.04834,0.0,0,1740582146744,134,0.0
1740582146,1.0483,1.04839,0.0,0,1740582146842,134,0.0
1740582147,1.04831,1.0484,0.0,0,1740582147038,134,0.0
1740582148,1.04832,1.04841,0.0,0,1740582148292,134,0.0
1740582149,1.04831,1.0484,0.0,0,1740582149318,134,0.0
1740582149,1.04826,1.04835,0.0,0,1740582149405,134,0.0
1740582149,1.04827,1.04836,0.0,0,1740582149799,134,0.0
1740582149,1.04829,1.04838,0.0,0,1740582149942,134,0.0
1740582150,1.04826,1.04835,0.0,0,1740582150143,134,0.0
1740582151,1.04829,1.04838,0.0,0,1740582151144,134,0.0
1740582151,1.04831,1.0484,0.0,0,1740582151349,134,0.0
1740582151,1.04833,1.04842,0.0,0,1740582151777,134,0.0
1740582153,1.04835,1.04844,0.0,0,1740582153821,134,0.0
1740582154,1.04832,1.04841,0.0,0,1740582154349,134,0.0
1740582154,1.04834,1.04843,0.0,0,1740582154807,134,0.0
1740582155,1.04831,1.0484,0.0,0,1740582155393,134,0.0
1740582157,1.04832,1.04841,0.0,0,1740582157204,134,0.0
1740582158,1.04833,1.04842,0.0,0,1740582158269,134,0.0
1740582158,1.04836,1.04845,0.0,0,1740582158745,134,0.0
1740582161,1.04833,1.04842,0.0,0,1740582161480,134,0.0
1740582163,1.04836,1.04845,0.0,0,1740582163568,134,0.0
1740582163,1.04833,1.04842,0.0,0,1740582163831,134,0.0
1740582165,1.04835,1.04844,0.0,0,1740582165685,134,0.0
1740582165,1.04839,1.04848,0.0,0,1740582165819,134,0.0
1740582167,1.0484,1.04849,0.0,0,1740582167153,134,0.0
1740582167,1.04842,1.04851,0.0,0,1740582167362,134,0.0
1740582167,1.04839,1.04848,0.0,0,1740582167512,134,0.0
1740582168,1.04841,1.0485,0.0,0,1740582168016,134,0.0
1740582168,1.04843,1.04852,0.0,0,1740582168258,134,0.0
1740582169,1.04842,1.04851,0.0,0,1740582169296,134,0.0
1740582171,1.0484,1.04849,0.0,0,1740582171328,134,0.0
1740582171,1.04841,1.0485,0.0,0,1740582171527,134,0.0
1740582172,1.04843,1.04852,0.0,0,1740582172332,134,0.0
1740582173,1.04844,1.04853,0.0,0,1740582173245,134,0.0
1740582173,1.04846,1.04855,0.0,0,1740582173637,134,0.0
1740582174,1.04847,1.04856,0.0,0,1740582174323,134,0.0
1740582174,1.04848,1.04857,0.0,0,1740582174989,134,0.0
1740582175,1.04845,1.04854,0.0,0,1740582175224,134,0.0
1740582176,1.04846,1.04855,0.0,0,1740582176258,134,0.0
1740582178,1.04847,1.04856,0.0,0,1740582178285,134,0.0
1740582180,1.0485,1.04859,0.0,0,1740582180327,134,0.0
1740582180,1.04851,1.0486,0.0,0,1740582180383,134,0.0
1740582181,1.0485,1.04859,0.0,0,1740582181244,134,0.0
1740582181,1.04851,1.0486,0.0,0,1740582181718,134,0.0
1740582183,1.04852,1.04861,0.0,0,1740582183767,134,0.0
1740582184,1.04854,1.04863,0.0,0,1740582184146,134,0.0
1740582184,1.04856,1.04865,0.0,0,1740582184406,134,0.0
1740582185,1.04858,1.04867,0.0,0,1740582185043,134,0.0
1740582185,1.04855,1.04864,0.0,0,1740582185923,134,0.0
1740582185,1.04853,1.04862,0.0,0,1740582185994,134,0.0
1740582186,1.04852,1.04861,0.0,0,1740582186030,134,0.0
1740582186,1.0485,1.04859,0.0,0,1740582186074,134,0.0
1740582187,1.04852,1.04861,0.0,0,1740582187205,134,0.0
1740582187,1.04851,1.0486,0.0,0,1740582187530,134,0.0
1740582188,1.04852,1.04861,0.0,0,1740582188574,134,0.0
1740582189,1.04854,1.04863,0.0,0,1740582189578,134,0.0
1740582190,1.04851,1.0486,0.0,0,1740582190354,134,0.0
1740582191,1.04854,1.04863,0.0,0,1740582191847,134,0.0
1740582194,1.04855,1.04864,0.0,0,1740582194732,134,0.0
1740582194,1.04857,1.04866,0.0,0,1740582194740,134,0.0
1740582194,1.04858,1.04867,0.0,0,1740582194785,134,0.0
1740582194,1.0486,1.04869,0.0,0,1740582194821,134,0.0
1740582194,1.04861,1.0487,0.0,0,1740582194914,134,0.0
1740582196,1.04863,1.04872,0.0,0,1740582196427,134,0.0
1740582198,1.04862,1.04871,0.0,0,1740582198521,134,0.0
1740582200,1.04864,1.04873,0.0,0,1740582200583,134,0.0
1740582201,1.04863,1.04872,0.0,0,1740582201588,134,0.0
1740582202,1.04864,1.04873,0.0,0,1740582202603,134,0.0
1740582204,1.04865,1.04874,0.0,0,1740582204181,134,0.0
1740582204,1.04867,1.04876,0.0,0,1740582204423,134,0.0
1740582205,1.04864,1.04873,0.0,0,1740582205009,134,0.0
1740582206,1.04865,1.04874,0.0,0,1740582206061,134,0.0
1740582207,1.04863,1.04872,0.0,0,1740582207557,134,0.0
1740582209,1.04862,1.04871,0.0,0,1740582209695,134,0.0
1740582209,1.0486,1.04869,0.0,0,1740582209705,134,0.0
1740582209,1.04858,1.04867,0.0,0,1740582209761,134,0.0
1740582209,1.04857,1.04866,0.0,0,1740582209989,134,0.0
1740582210,1.04855,1.04864,0.0,0,1740582210125,134,0.0
1740582210,1.04857,1.04866,0.0,0,1740582210460,134,0.0
1740582211,1.04859,1.04868,0.0,0,1740582211104,134,0.0
1740582212,1.04858,1.04867,0.0,0,1740582212154,134,0.0
1740582214,1.0486,1.04869,0.0,0,1740582214374,134,0.0
1740582214,1.04862,1.04871,0.0,0,1740582214390,134,0.0
1740582214,1.04863,1.04872,0.0,0,1740582214406,134,0.0
1740582214,1.0486,1.04869,0.0,0,1740582214821,134,0.0
1740582214,1.04858,1.04867,0.0,0,1740582214876,134,0.0
1740582215,1.04857,1.04866,0.0,0,1740582215879,134,0.0
1740582216,1.04856,1.04865,0.0,0,1740582216676,134,0.0
1740582217,1.04855,1.04864,0.0,0,1740582217382,134,0.0
1740582217,1.04854,1.04863,0.0,0,1740582217743,134,0.0
1740582217,1.04852,1.04861,0.0,0,1740582217808,134,0.0
1740582219,1.04851,1.0486,0.0,0,1740582219160,134,0.0
1740582220,1.04852,1.04861,0.0,0,1740582220301,134,0.0
1740582221,1.04855,1.04864,0.0,0,1740582221566,134,0.0
1740582221,1.04856,1.04865,0.0,0,1740582221665,134,0.0
1740582221,1.04858,1.04867,0.0,0,1740582221893,134,0.0
1740582222,1.04856,1.04865,0.0,0,1740582222902,134,0.0
1740582222,1.04854,1.04863,0.0,0,1740582222980,134,0.0
1740582223,1.04852,1.04861,0.0,0,1740582223983,134,0.0
1740582224,1.04853,1.04862,0.0,0,1740582224983,134,0.0
1740582227,1.04854,1.04863,0.0,0,1740582227136,134,0.0
1740582227,1.04852,1.04861,0.0,0,1740582227756,134,0.0
1740582228,1.04853,1.04862,0.0,0,1740582228805,134,0.0
1740582229,1.04851,1.0486,0.0,0,1740582229165,134,0.0
1740582229,1.04849,1.04858,0.0,0,1740582229262,134,0.0
1740582229,1.04848,1.04857,0.0,0,1740582229313,134,0.0
1740582229,1.04846,1.04855,0.0,0,1740582229344,134,0.0
1740582229,1.04845,1.04854,0.0,0,1740582229369,134,0.0
1740582229,1.04843,1.04852,0.0,0,1740582229385,134,0.0
1740582229,1.04846,1.04855,0.0,0,1740582229947,134,0.0
1740582230,1.04848,1.04857,0.0,0,1740582230034,134,0.0
1740582232,1.04849,1.04858,0.0,0,1740582232163,134,0.0
1740582233,1.04851,1.0486,0.0,0,1740582233727,134,0.0
1740582234,1.04852,1.04861,0.0,0,1740582234809,134,0.0
1740582236,1.04849,1.04858,0.0,0,1740582236111,134,0.0
1740582236,1.04848,1.04857,0.0,0,1740582236182,134,0.0
1740582236,1.04846,1.04855,0.0,0,1740582236609,134,0.0
1740582239,1.04847,1.04856,0.0,0,1740582239308,134,0.0
1740582240,1.04848,1.04857,0.0,0,1740582240121,134,0.0
1740582240,1.0485,1.04859,0.0,0,1740582240136,134,0.0
1740582240,1.04852,1.04861,0.0,0,1740582240150,134,0.0
1740582240,1.04853,1.04862,0.0,0,1740582240218,134,0.0
1740582240,1.0485,1.04859,0.0,0,1740582240283,134,0.0
1740582240,1.04848,1.04857,0.0,0,1740582240307,134,0.0
1740582240,1.04846,1.04855,0.0,0,1740582240328,134,0.0
1740582240,1.04845,1.04854,0.0,0,1740582240332,134,0.0
1740582240,1.04843,1.04852,0.0,0,1740582240387,134,0.0
1740582241,1.04845,1.04854,0.0,0,1740582241204,134,0.0
1740582241,1.04846,1.04855,0.0,0,1740582241408,134,0.0
1740582241,1.04844,1.04853,0.0,0,1740582241692,134,0.0
1740582241,1.04842,1.04851,0.0,0,1740582241797,134,0.0
1740582242,1.04841,1.0485,0.0,0,1740582242049,134,0.0
1740582243,1.04843,1.04852,0.0,0,1740582243329,134,0.0
1740582245,1.04845,1.04854,0.0,0,1740582245274,134,0.0
1740582245,1.04847,1.04856,0.0,0,1740582245319,134,0.0
1740582245,1.04848,1.04857,0.0,0,1740582245434,134,0.0
1740582246,1.0485,1.04859,0.0,0,1740582246257,134,0.0
1740582246,1.04851,1.0486,0.0,0,1740582246321,134,0.0
1740582246,1.04853,1.04862,0.0,0,1740582246386,134,0.0
1740582247,1.04851,1.0486,0.0,0,1740582247491,134,0.0
1740582247,1.04849,1.04858,0.0,0,1740582247521,134,0.0
1740582247,1.04847,1.04856,0.0,0,1740582247555,134,0.0
1740582248,1.04845,1.04854,0.0,0,1740582248441,134,0.0
1740582249,1.04846,1.04855,0.0,0,1740582249463,134,0.0
1740582249,1.04844,1.04853,0.0,0,1740582249739,134,0.0
1740582249,1.04842,1.04851,0.0,0,1740582249938,134,0.0
1740582250,1.04841,1.0485,0.0,0,1740582250032,134,0.0
1740582250,1.0484,1.04849,0.0,0,1740582250062,134,0.0
1740582251,1.04843,1.04852,0.0,0,1740582251265,134,0.0
1740582251,1.04845,1.04854,0.0,0,1740582251454,134,0.0
1740582251,1.04846,1.04855,0.0,0,1740582251771,134,0.0
1740582252,1.04848,1.04857,0.0,0,1740582252424,134,0.0
1740582252,1.04845,1.04854,0.0,0,1740582252975,134,0.0
1740582253,1.04844,1.04853,0.0,0,1740582253058,134,0.0
1740582253,1.04846,1.04855,0.0,0,1740582253208,134,0.0
1740582254,1.04847,1.04856,0.0,0,1740582254230,134,0.0
1740582255,1.04849,1.04858,0.0,0,1740582255205,134,0.0
1740582256,1.04847,1.04856,0.0,0,1740582256284,134,0.0
1740582256,1.04849,1.04858,0.0,0,1740582256569,134,0.0
1740582256,1.04851,1.0486,0.0,0,1740582256596,134,0.0
1740582256,1.04852,1.04861,0.0,0,1740582256685,134,0.0
1740582257,1.04854,1.04863,0.0,0,1740582257459,134,0.0
1740582258,1.04855,1.04864,0.0,0,1740582258294,134,0.0
1740582258,1.04857,1.04866,0.0,0,1740582258403,134,0.0
1740582258,1.04858,1.04867,0.0,0,1740582258430,134,0.0
1740582258,1.04855,1.04864,0.0,0,1740582258629,134,0.0
1740582260,1.04853,1.04862,0.0,0,1740582260137,134,0.0
1740582261,1.04854,1.04863,0.0,0,1740582261142,134,0.0
1740582261,1.04852,1.04861,0.0,0,1740582261494,134,0.0
1740582261,1.0485,1.04859,0.0,0,1740582261612,134,0.0
1740582262,1.04851,1.0486,0.0,0,1740582262615,134,0.0
1740582262,1.04849,1.04858,0.0,0,1740582262739,134,0.0
1740582262,1.04847,1.04856,0.0,0,1740582262773,134,0.0
1740582262,1.04846,1.04855,0.0,0,1740582262795,134,0.0
1740582262,1.04844,1.04853,0.0,0,1740582262873,134,0.0
1740582263,1.04846,1.04855,0.0,0,1740582263051,134,0.0
1740582264,1.04847,1.04856,0.0,0,1740582264056,134,0.0
1740582264,1.04845,1.04854,0.0,0,1740582264622,134,0.0
1740582264,1.04843,1.04852,0.0,0,1740582264641,134,0.0
1740582264,1.04841,1.0485,0.0,0,1740582264695,134,0.0
1740582264,1.0484,1.04849,0.0,0,1740582264721,134,0.0
1740582264,1.04839,1.04848,0.0,0,1740582264790,134,0.0
1740582266,1.04838,1.04847,0.0,0,1740582266102,134,0.0
1740582266,1.04837,1.04846,0.0,0,1740582266641,134,0.0
1740582266,1.04835,1.04844,0.0,0,1740582266655,134,0.0
1740582266,1.04834,1.04843,0.0,0,1740582266681,134,0.0
1740582266,1.04832,1.04841,0.0,0,1740582266716,134,0.0
1740582266,1.04831,1.0484,0.0,0,1740582266819,134,0.0
1740582268,1.04832,1.04841,0.0,0,1740582268918,134,0.0
1740582269,1.04833,1.04842,0.0,0,1740582269953,134,0.0
1740582273,1.04834,1.04843,0.0,0,1740582273422,134,0.0
1740582274,1.04833,1.04842,0.0,0,1740582274654,134,0.0
1740582276,1.04831,1.0484,0.0,0,1740582276311,134,0.0
1740582276,1.04829,1.04838,0.0,0,1740582276331,134,0.0
1740582276,1.04827,1.04836,0.0,0,1740582276377,134,0.0
1740582276,1.04826,1.04835,0.0,0,1740582276407,134,0.0
1740582277,1.04825,1.04834,0.0,0,1740582277440,134,0.0
1740582278,1.04827,1.04836,0.0,0,1740582278048,134,0.0
1740582280,1.04825,1.04834,0.0,0,1740582280437,134,0.0
1740582280,1.04828,1.04837,0.0,0,1740582280541,134,0.0
1740582281,1.04829,1.04838,0.0,0,1740582281595,134,0.0
1740582281,1.04827,1.04836,0.0,0,1740582281952,134,0.0
1740582283,1.04826,1.04835,0.0,0,1740582283019,134,0.0
1740582283,1.04829,1.04838,0.0,0,1740582283923,134,0.0
1740582286,1.04831,1.0484,0.0,0,1740582286505,134,0.0
1740582286,1.04832,1.04841,0.0,0,1740582286902,134,0.0
1740582286,1.04834,1.04843,0.0,0,1740582286919,134,0.0
1740582287,1.04835,1.04844,0.0,0,1740582287312,134,0.0
1740582288,1.04837,1.04846,0.0,0,1740582288085,134,0.0
1740582290,1.04838,1.04847,0.0,0,1740582290022,134,0.0
1740582290,1.04835,1.04844,0.0,0,1740582290150,134,0.0
1740582290,1.04833,1.04842,0.0,0,1740582290265,134,0.0
1740582291,1.04835,1.04844,0.0,0,1740582291793,134,0.0
1740582291,1.04836,1.04845,0.0,0,1740582291815,134,0.0
1740582292,1.04834,1.04843,0.0,0,1740582292786,134,0.0
1740582294,1.04835,1.04844,0.0,0,1740582294022,134,0.0
1740582295,1.04836,1.04845,0.0,0,1740582295043,134,0.0
1740582298,1.04835,1.04844,0.0,0,1740582298303,134,0.0
1740582300,1.04835,1.04844,0.0,0,1740582300324,130,0.0
1740582300,1.04837,1.04846,0.0,0,1740582300832,134,0.0
1740582302,1.04838,1.04847,0.0,0,1740582302451,134,0.0
1740582304,1.04836,1.04845,0.0,0,1740582304323,134,0.0
1740582305,1.04838,1.04847,0.0,0,1740582305425,134,0.0
1740582305,1.0484,1.04849,0.0,0,1740582305447,134,0.0
1740582305,1.04837,1.04846,0.0,0,1740582305883,134,0.0
1740582305,1.04835,1.04844,0.0,0,1740582305952,134,0.0
1740582306,1.04833,1.04842,0.0,0,1740582306102,134,0.0
1740582307,1.04837,1.04846,0.0,0,1740582307026,134,0.0
1740582308,1.04835,1.04844,0.0,0,1740582308115,134,0.0
1740582308,1.04837,1.04846,0.0,0,1740582308564,134,0.0
1740582309,1.04839,1.04848,0.0,0,1740582309181,134,0.0
1740582311,1.04838,1.04847,0.0,0,1740582311568,134,0.0
1740582311,1.04836,1.04845,0.0,0,1740582311591,134,0.0
