time,bid,ask,last,volume,time_msc,flags,volume_real
1711666117,2220.18,2220.39,0.0,0,1711666117365,134,0.0
1711666118,2220.22,2220.42,0.0,0,1711666118099,134,0.0
1711666119,2220.22,2220.43,0.0,0,1711666119095,4,0.0
1711666120,2220.26,2220.46,0.0,0,1711666120955,134,0.0
1711666121,2220.25,2220.46,0.0,0,1711666121057,130,0.0
1711666121,2220.28,2220.48,0.0,0,1711666121319,134,0.0
1711666121,2220.27,2220.48,0.0,0,1711666121770,130,0.0
1711666121,2220.28,2220.48,0.0,0,1711666121982,130,0.0
1711666122,2220.29,2220.49,0.0,0,1711666122025,134,0.0
1711666122,2220.31,2220.51,0.0,0,1711666122310,134,0.0
1711666123,2220.32,2220.53,0.0,0,1711666123078,134,0.0
1711666125,2220.37,2220.57,0.0,0,1711666125035,134,0.0
1711666125,2220.36,2220.56,0.0,0,1711666125282,134,0.0
1711666125,2220.36,2220.57,0.0,0,1711666125336,4,0.0
1711666125,2220.36,2220.56,0.0,0,1711666125616,4,0.0
1711666126,2220.36,2220.57,0.0,0,1711666126046,4,0.0
1711666126,2220.36,2220.56,0.0,0,1711666126394,4,0.0
1711666126,2220.37,2220.58,0.0,0,1711666126599,134,0.0
1711666127,2220.38,2220.58,0.0,0,1711666127406,130,0.0
1711666128,2220.37,2220.58,0.0,0,1711666128057,130,0.0
1711666129,2220.38,2220.58,0.0,0,1711666129265,130,0.0
1711666129,2220.4,2220.59,0.0,0,1711666129568,134,0.0
1711666130,2220.42,2220.62,0.0,0,1711666130072,134,0.0
1711666131,2220.43,2220.62,0.0,0,1711666131077,130,0.0
1711666139,2220.45,2220.58,0.0,0,1711666139790,134,0.0
1711666140,2220.46,2220.59,0.0,0,1711666140131,134,0.0
1711666140,2220.39,2220.51,0.0,0,1711666140242,134,0.0
1711666140,2220.39,2220.52,0.0,0,1711666140468,4,0.0
1711666140,2220.4,2220.53,0.0,0,1711666140553,134,0.0
1711666140,2220.41,2220.53,0.0,0,1711666140796,130,0.0
1711666141,2220.4,2220.59,0.0,0,1711666141130,134,0.0
1711666141,2220.4,2220.6,0.0,0,1711666141196,4,0.0
1711666141,2220.42,2220.62,0.0,0,1711666141657,134,0.0
1711666142,2220.42,2220.63,0.0,0,1711666142058,4,0.0
1711666150,2220.45,2220.61,0.0,0,1711666150164,134,0.0
1711666150,2220.49,2220.64,0.0,0,1711666150362,134,0.0
1711666150,2220.49,2220.65,0.0,0,1711666150688,4,0.0
1711666150,2220.5,2220.65,0.0,0,1711666150976,130,0.0
1711666151,2220.49,2220.65,0.0,0,1711666151078,130,0.0
1711666151,2220.49,2220.66,0.0,0,1711666151522,4,0.0
1711666151,2220.49,2220.65,0.0,0,1711666151878,4,0.0
1711666152,2220.48,2220.64,0.0,0,1711666152499,134,0.0
1711666152,2220.49,2220.66,0.0,0,1711666152686,134,0.0
1711666153,2220.49,2220.65,0.0,0,1711666153088,4,0.0
1711666153,2220.5,2220.65,0.0,0,1711666153330,130,0.0
1711666153,2220.49,2220.65,0.0,0,1711666153383,130,0.0
1711666153,2220.52,2220.68,0.0,0,1711666153664,134,0.0
1711666153,2220.53,2220.69,0.0,0,1711666153734,134,0.0
1711666153,2220.54,2220.69,0.0,0,1711666153998,130,0.0
1711666154,2220.55,2220.69,0.0,0,1711666154188,130,0.0
1711666155,2220.54,2220.71,0.0,0,1711666155205,134,0.0
1711666155,2220.48,2220.64,0.0,0,1711666155601,134,0.0
1711666155,2220.47,2220.64,0.0,0,1711666155704,130,0.0
1711666156,2220.45,2220.64,0.0,0,1711666156810,130,0.0
1711666157,2220.46,2220.64,0.0,0,1711666157820,130,0.0
1711666163,2220.48,2220.63,0.0,0,1711666163562,134,0.0
1711666163,2220.49,2220.63,0.0,0,1711666163890,130,0.0
1711666163,2220.49,2220.64,0.0,0,1711666163910,4,0.0
1711666165,2220.49,2220.62,0.0,0,1711666165117,4,0.0
1711666175,2220.46,2220.57,0.0,0,1711666175633,134,0.0
1711666175,2220.42,2220.54,0.0,0,1711666175840,134,0.0
1711666176,2220.47,2220.58,0.0,0,1711666176097,134,0.0
1711666178,2220.48,2220.6,0.0,0,1711666178017,134,0.0
1711666178,2220.48,2220.59,0.0,0,1711666178414,4,0.0
1711666178,2220.5,2220.62,0.0,0,1711666178855,134,0.0
1711666179,2220.51,2220.62,0.0,0,1711666179465,130,0.0
1711666182,2220.46,2220.57,0.0,0,1711666182784,134,0.0
1711666183,2220.46,2220.58,0.0,0,1711666183189,4,0.0
1711666183,2220.47,2220.58,0.0,0,1711666183634,130,0.0
1711666183,2220.48,2220.59,0.0,0,1711666183695,134,0.0
1711666184,2220.49,2220.61,0.0,0,1711666184037,134,0.0
1711666184,2220.51,2220.62,0.0,0,1711666184352,134,0.0
1711666187,2220.46,2220.58,0.0,0,1711666187714,134,0.0
1711666188,2220.47,2220.59,0.0,0,1711666188074,134,0.0
1711666188,2220.48,2220.6,0.0,0,1711666188317,134,0.0
1711666188,2220.49,2220.61,0.0,0,1711666188371,134,0.0
1711666189,2220.51,2220.62,0.0,0,1711666189372,134,0.0
1711666191,2220.47,2220.59,0.0,0,1711666191087,134,0.0
1711666193,2220.48,2220.6,0.0,0,1711666193350,134,0.0
1711666194,2220.51,2220.62,0.0,0,1711666194455,134,0.0
1711666195,2220.47,2220.59,0.0,0,1711666195812,134,0.0
1711666196,2220.49,2220.61,0.0,0,1711666196318,134,0.0
1711666197,2220.5,2220.62,0.0,0,1711666197374,134,0.0
1711666198,2220.51,2220.62,0.0,0,1711666198383,130,0.0
1711666200,2220.46,2220.57,0.0,0,1711666200595,134,0.0
1711666200,2220.43,2220.55,0.0,0,1711666200595,134,0.0
1711666200,2220.46,2220.57,0.0,0,1711666200595,134,0.0
1711666200,2220.45,2220.56,0.0,0,1711666200853,134,0.0
1711666201,2220.42,2220.53,0.0,0,1711666201047,134,0.0
1711666201,2220.4,2220.51,0.0,0,1711666201500,134,0.0
1711666201,2220.33,2220.44,0.0,0,1711666201737,134,0.0
1711666201,2220.32,2220.44,0.0,0,1711666201852,130,0.0
1711666201,2220.31,2220.43,0.0,0,1711666201915,134,0.0
1711666202,2220.36,2220.47,0.0,0,1711666202183,134,0.0
1711666202,2220.35,2220.47,0.0,0,1711666202216,130,0.0
1711666202,2220.36,2220.48,0.0,0,1711666202511,134,0.0
1711666202,2220.27,2220.39,0.0,0,1711666202725,134,0.0
1711666202,2220.3,2220.41,0.0,0,1711666202839,134,0.0
1711666203,2220.24,2220.39,0.0,0,1711666203328,134,0.0
1711666203,2220.24,2220.38,0.0,0,1711666203493,4,0.0
1711666203,2220.21,2220.36,0.0,0,1711666203715,134,0.0
1711666204,2220.17,2220.37,0.0,0,1711666204728,134,0.0
1711666209,2220.17,2220.36,0.0,0,1711666209359,4,0.0
1711666210,2220.13,2220.32,0.0,0,1711666210717,134,0.0
1711666210,2220.23,2220.41,0.0,0,1711666210879,134,0.0
1711666211,2220.22,2220.4,0.0,0,1711666211115,134,0.0
1711666211,2220.2,2220.38,0.0,0,1711666211415,134,0.0
1711666211,2220.19,2220.37,0.0,0,1711666211523,134,0.0
1711666211,2220.16,2220.34,0.0,0,1711666211741,134,0.0
1711666212,2220.14,2220.33,0.0,0,1711666212529,134,0.0
1711666212,2220.24,2220.43,0.0,0,1711666212733,134,0.0
1711666212,2220.25,2220.44,0.0,0,1711666212827,134,0.0
1711666213,2220.27,2220.45,0.0,0,1711666213386,134,0.0
1711666213,2220.27,2220.46,0.0,0,1711666213485,4,0.0
1711666213,2220.28,2220.46,0.0,0,1711666213718,130,0.0
1711666214,2220.27,2220.48,0.0,0,1711666214885,134,0.0
1711666216,2220.22,2220.42,0.0,0,1711666216196,134,0.0
1711666216,2220.21,2220.41,0.0,0,1711666216368,134,0.0
1711666216,2220.2,2220.4,0.0,0,1711666216405,134,0.0
1711666217,2220.17,2220.38,0.0,0,1711666217359,134,0.0
1711666220,2220.23,2220.43,0.0,0,1711666220476,134,0.0
1711666221,2220.24,2220.44,0.0,0,1711666221984,134,0.0
1711666222,2220.25,2220.46,0.0,0,1711666222299,134,0.0
1711666222,2220.26,2220.47,0.0,0,1711666222439,134,0.0
1711666223,2220.27,2220.48,0.0,0,1711666223499,134,0.0
1711666224,2220.32,2220.53,0.0,0,1711666224206,134,0.0
1711666224,2220.34,2220.54,0.0,0,1711666224309,134,0.0
1711666224,2220.43,2220.64,0.0,0,1711666224624,134,0.0
1711666224,2220.44,2220.65,0.0,0,1711666224663,134,0.0
1711666225,2220.45,2220.66,0.0,0,1711666225214,134,0.0
1711666226,2220.47,2220.67,0.0,0,1711666226064,134,0.0
1711666226,2220.42,2220.62,0.0,0,1711666226971,134,0.0
1711666227,2220.35,2220.56,0.0,0,1711666227255,134,0.0
1711666228,2220.34,2220.55,0.0,0,1711666228333,134,0.0
1711666228,2220.32,2220.52,0.0,0,1711666228685,134,0.0
1711666228,2220.31,2220.52,0.0,0,1711666228897,130,0.0
1711666228,2220.29,2220.5,0.0,0,1711666228937,134,0.0
1711666229,2220.28,2220.48,0.0,0,1711666229486,134,0.0
1711666230,2220.22,2220.43,0.0,0,1711666230002,134,0.0
1711666230,2220.22,2220.42,0.0,0,1711666230697,4,0.0
1711666230,2220.21,2220.42,0.0,0,1711666230888,130,0.0
1711666230,2220.2,2220.41,0.0,0,1711666230894,134,0.0
1711666231,2220.19,2220.39,0.0,0,1711666231210,134,0.0
1711666231,2220.18,2220.39,0.0,0,1711666231299,130,0.0
1711666231,2220.18,2220.38,0.0,0,1711666231545,4,0.0
1711666232,2220.17,2220.38,0.0,0,1711666232111,130,0.0
1711666232,2220.24,2220.44,0.0,0,1711666232662,134,0.0
1711666232,2220.22,2220.43,0.0,0,1711666232857,134,0.0
1711666232,2220.22,2220.42,0.0,0,1711666232863,4,0.0
1711666235,2220.24,2220.44,0.0,0,1711666235629,134,0.0
1711666236,2220.27,2220.47,0.0,0,1711666236636,134,0.0
1711666236,2220.27,2220.48,0.0,0,1711666236822,4,0.0
1711666240,2220.27,2220.47,0.0,0,1711666240111,4,0.0
1711666243,2220.27,2220.48,0.0,0,1711666243286,4,0.0
1711666250,2220.27,2220.47,0.0,0,1711666250033,4,0.0
1711666254,2220.36,2220.53,0.0,0,1711666254211,134,0.0
1711666254,2220.37,2220.54,0.0,0,1711666254773,134,0.0
1711666255,2220.36,2220.56,0.0,0,1711666255214,134,0.0
1711666256,2220.37,2220.56,0.0,0,1711666256474,130,0.0
1711666258,2220.38,2220.56,0.0,0,1711666258334,130,0.0
1711666259,2220.4,2220.58,0.0,0,1711666259107,134,0.0
1711666259,2220.44,2220.62,0.0,0,1711666259396,134,0.0
1711666259,2220.47,2220.65,0.0,0,1711666259605,134,0.0
1711666259,2220.46,2220.64,0.0,0,1711666259647,134,0.0
1711666259,2220.47,2220.64,0.0,0,1711666259919,130,0.0
1711666260,2220.46,2220.67,0.0,0,1711666260188,134,0.0
1711666260,2220.47,2220.67,0.0,0,1711666260453,130,0.0
1711666261,2220.47,2220.68,0.0,0,1711666261205,4,0.0
1711666263,2220.41,2220.62,0.0,0,1711666263525,134,0.0
1711666264,2220.38,2220.58,0.0,0,1711666264680,134,0.0
1711666265,2220.37,2220.58,0.0,0,1711666265384,130,0.0
1711666266,2220.38,2220.58,0.0,0,1711666266141,130,0.0
1711666268,2220.41,2220.61,0.0,0,1711666268163,134,0.0
1711666270,2220.39,2220.59,0.0,0,1711666270069,134,0.0
1711666271,2220.42,2220.6,0.0,0,1711666271229,134,0.0
1711666272,2220.38,2220.57,0.0,0,1711666272384,134,0.0
1711666272,2220.4,2220.59,0.0,0,1711666272989,134,0.0
1711666273,2220.43,2220.61,0.0,0,1711666273123,134,0.0
1711666273,2220.42,2220.6,0.0,0,1711666273337,134,0.0
1711666273,2220.41,2220.59,0.0,0,1711666273454,134,0.0
1711666275,2220.43,2220.59,0.0,0,1711666275964,130,0.0
1711666277,2220.45,2220.6,0.0,0,1711666277468,134,0.0
1711666277,2220.44,2220.6,0.0,0,1711666277745,130,0.0
1711666278,2220.46,2220.61,0.0,0,1711666278075,134,0.0
1711666278,2220.48,2220.62,0.0,0,1711666278075,134,0.0
1711666278,2220.49,2220.63,0.0,0,1711666278404,134,0.0
1711666278,2220.49,2220.64,0.0,0,1711666278426,4,0.0
1711666278,2220.5,2220.64,0.0,0,1711666278739,130,0.0
1711666279,2220.48,2220.67,0.0,0,1711666279236,134,0.0
1711666282,2220.54,2220.69,0.0,0,1711666282897,134,0.0
1711666284,2220.55,2220.72,0.0,0,1711666284258,134,0.0
1711666284,2220.56,2220.73,0.0,0,1711666284361,134,0.0
1711666284,2220.53,2220.69,0.0,0,1711666284666,134,0.0
1711666285,2220.5,2220.65,0.0,0,1711666285424,134,0.0
1711666288,2220.51,2220.65,0.0,0,1711666288237,130,0.0
1711666290,2220.57,2220.69,0.0,0,1711666290203,134,0.0
1711666290,2220.56,2220.67,0.0,0,1711666290607,134,0.0
1711666291,2220.53,2220.65,0.0,0,1711666291107,134,0.0
1711666291,2220.52,2220.64,0.0,0,1711666291863,134,0.0
1711666300,2220.53,2220.64,0.0,0,1711666300070,130,0.0
1711666300,2220.52,2220.64,0.0,0,1711666300186,130,0.0
1711666304,2220.57,2220.68,0.0,0,1711666304507,134,0.0
1711666305,2220.53,2220.65,0.0,0,1711666305005,134,0.0
1711666306,2220.52,2220.64,0.0,0,1711666306019,134,0.0
1711666308,2220.47,2220.58,0.0,0,1711666308325,134,0.0
1711666308,2220.46,2220.58,0.0,0,1711666308528,130,0.0
1711666308,2220.44,2220.56,0.0,0,1711666308764,134,0.0
1711666308,2220.43,2220.55,0.0,0,1711666308785,134,0.0
1711666309,2220.4,2220.56,0.0,0,1711666309785,134,0.0
1711666312,2220.45,2220.58,0.0,0,1711666312556,134,0.0
1711666313,2220.44,2220.58,0.0,0,1711666313107,130,0.0
1711666313,2220.41,2220.55,0.0,0,1711666313379,134,0.0
1711666316,2220.46,2220.6,0.0,0,1711666316681,134,0.0
1711666317,2220.44,2220.57,0.0,0,1711666317013,134,0.0
1711666317,2220.41,2220.56,0.0,0,1711666317241,134,0.0
1711666317,2220.4,2220.56,0.0,0,1711666317594,130,0.0
1711666318,2220.39,2220.56,0.0,0,1711666318604,130,0.0
1711666320,2220.44,2220.61,0.0,0,1711666320110,134,0.0
1711666320,2220.47,2220.63,0.0,0,1711666320322,134,0.0
1711666320,2220.48,2220.64,0.0,0,1711666320356,134,0.0
1711666320,2220.48,2220.65,0.0,0,1711666320711,4,0.0
1711666320,2220.49,2220.65,0.0,0,1711666320978,130,0.0
1711666321,2220.47,2220.68,0.0,0,1711666321977,134,0.0
1711666328,2220.56,2220.73,0.0,0,1711666328420,134,0.0
1711666328,2220.58,2220.74,0.0,0,1711666328665,134,0.0
1711666329,2220.56,2220.77,0.0,0,1711666329073,134,0.0
1711666329,2220.57,2220.77,0.0,0,1711666329225,130,0.0
1711666330,2220.57,2220.78,0.0,0,1711666330333,4,0.0
1711666330,2220.66,2220.87,0.0,0,1711666330782,134,0.0
1711666331,2220.67,2220.87,0.0,0,1711666331483,130,0.0
1711666331,2220.72,2220.92,0.0,0,1711666331684,134,0.0
1711666332,2220.72,2220.93,0.0,0,1711666332247,4,0.0
1711666332,2220.73,2220.94,0.0,0,1711666332592,134,0.0
1711666332,2220.75,2220.96,0.0,0,1711666332848,134,0.0
1711666332,2220.72,2220.93,0.0,0,1711666332948,134,0.0
1711666333,2220.69,2220.9,0.0,0,1711666333296,134,0.0
1711666333,2220.69,2220.89,0.0,0,1711666333510,4,0.0
1711666334,2220.68,2220.88,0.0,0,1711666334051,134,0.0
1711666334,2220.72,2220.93,0.0,0,1711666334166,134,0.0
1711666334,2220.71,2220.91,0.0,0,1711666334912,134,0.0
1711666335,2220.7,2220.9,0.0,0,1711666335165,134,0.0
1711666335,2220.67,2220.88,0.0,0,1711666335866,134,0.0
1711666337,2220.72,2220.93,0.0,0,1711666337881,134,0.0
1711666338,2220.68,2220.88,0.0,0,1711666338935,134,0.0
1711666339,2220.72,2220.93,0.0,0,1711666339123,134,0.0
1711666339,2220.73,2220.94,0.0,0,1711666339543,134,0.0
1711666339,2220.76,2220.96,0.0,0,1711666339780,134,0.0
1711666340,2220.76,2220.97,0.0,0,1711666340094,4,0.0
1711666340,2220.77,2220.97,0.0,0,1711666340352,130,0.0
1711666340,2220.77,2220.98,0.0,0,1711666340854,4,0.0
1711666342,2220.72,2220.93,0.0,0,1711666342064,134,0.0
1711666342,2220.73,2220.93,0.0,0,1711666342562,130,0.0
1711666348,2220.74,2220.95,0.0,0,1711666348007,134,0.0
1711666348,2220.73,2220.93,0.0,0,1711666348107,134,0.0
1711666348,2220.73,2220.94,0.0,0,1711666348361,4,0.0
1711666348,2220.74,2220.95,0.0,0,1711666348504,134,0.0
1711666348,2220.75,2220.96,0.0,0,1711666348696,134,0.0
1711666348,2220.76,2220.96,0.0,0,1711666348808,130,0.0
1711666349,2220.77,2220.98,0.0,0,1711666349313,134,0.0
1711666350,2220.78,2220.98,0.0,0,1711666350012,130,0.0
1711666350,2220.8,2221.01,0.0,0,1711666350347,134,0.0
1711666350,2220.78,2220.98,0.0,0,1711666350970,134,0.0
1711666351,2220.78,2220.99,0.0,0,1711666351072,4,0.0
1711666353,2220.74,2220.92,0.0,0,1711666353938,134,0.0
1711666354,2220.72,2220.91,0.0,0,1711666354042,134,0.0
1711666354,2220.7,2220.89,0.0,0,1711666354343,134,0.0
1711666354,2220.7,2220.88,0.0,0,1711666354633,4,0.0
1711666355,2220.67,2220.88,0.0,0,1711666355499,130,0.0
1711666356,2220.62,2220.83,0.0,0,1711666356769,134,0.0
1711666357,2220.64,2220.84,0.0,0,1711666357462,134,0.0
1711666357,2220.65,2220.85,0.0,0,1711666357613,134,0.0
1711666357,2220.72,2220.93,0.0,0,1711666357926,134,0.0
1711666359,2220.73,2220.93,0.0,0,1711666359075,130,0.0
1711666359,2220.73,2220.94,0.0,0,1711666359282,4,0.0
1711666360,2220.73,2220.93,0.0,0,1711666360593,4,0.0
1711666362,2220.73,2220.94,0.0,0,1711666362775,4,0.0
1711666363,2220.7,2220.91,0.0,0,1711666363102,134,0.0
1711666363,2220.69,2220.9,0.0,0,1711666363213,134,0.0
1711666364,2220.68,2220.89,0.0,0,1711666364217,134,0.0
1711666370,2220.74,2220.93,0.0,0,1711666370252,134,0.0
1711666371,2220.76,2220.96,0.0,0,1711666371059,134,0.0
1711666371,2220.77,2220.98,0.0,0,1711666371613,134,0.0
1711666371,2220.78,2220.98,0.0,0,1711666371863,130,0.0
1711666372,2220.78,2220.99,0.0,0,1711666372514,4,0.0
1711666376,2220.76,2220.93,0.0,0,1711666376749,134,0.0
1711666377,2220.76,2220.94,0.0,0,1711666377196,4,0.0
1711666377,2220.75,2220.94,0.0,0,1711666377403,130,0.0
1711666377,2220.76,2220.94,0.0,0,1711666377547,130,0.0
1711666379,2220.76,2220.92,0.0,0,1711666379359,4,0.0
1711666380,2220.75,2220.91,0.0,0,1711666380383,134,0.0
1711666380,2220.77,2220.93,0.0,0,1711666380669,134,0.0
1711666381,2220.78,2220.94,0.0,0,1711666381035,134,0.0
1711666381,2220.79,2220.94,0.0,0,1711666381073,130,0.0
1711666381,2220.79,2220.95,0.0,0,1711666381361,4,0.0
1711666381,2220.75,2220.91,0.0,0,1711666381929,134,0.0
1711666383,2220.76,2220.92,0.0,0,1711666383188,134,0.0
1711666383,2220.65,2220.81,0.0,0,1711666383445,134,0.0
1711666383,2220.65,2220.8,0.0,0,1711666383744,4,0.0
1711666383,2220.63,2220.78,0.0,0,1711666383998,134,0.0
1711666384,2220.6,2220.8,0.0,0,1711666384050,134,0.0
1711666384,2220.59,2220.79,0.0,0,1711666384795,134,0.0
1711666385,2220.63,2220.84,0.0,0,1711666385806,134,0.0
1711666385,2220.72,2220.92,0.0,0,1711666385978,134,0.0
1711666386,2220.73,2220.93,0.0,0,1711666386006,134,0.0
1711666386,2220.7,2220.91,0.0,0,1711666386310,134,0.0
1711666386,2220.69,2220.9,0.0,0,1711666386663,134,0.0
1711666387,2220.69,2220.89,0.0,0,1711666387034,4,0.0
1711666387,2220.68,2220.89,0.0,0,1711666387720,130,0.0
1711666388,2220.67,2220.87,0.0,0,1711666388078,134,0.0
1711666388,2220.64,2220.84,0.0,0,1711666388296,134,0.0
1711666388,2220.67,2220.87,0.0,0,1711666388976,134,0.0
1711666389,2220.67,2220.88,0.0,0,1711666389932,4,0.0
1711666390,2220.68,2220.88,0.0,0,1711666390281,130,0.0
1711666390,2220.68,2220.89,0.0,0,1711666390603,4,0.0
1711666391,2220.65,2220.86,0.0,0,1711666391288,134,0.0
1711666391,2220.67,2220.88,0.0,0,1711666391695,134,0.0
1711666392,2220.68,2220.88,0.0,0,1711666392094,130,0.0
1711666392,2220.68,2220.89,0.0,0,1711666392246,4,0.0
1711666393,2220.67,2220.87,0.0,0,1711666393360,134,0.0
1711666393,2220.59,2220.8,0.0,0,1711666393569,134,0.0
1711666393,2220.59,2220.79,0.0,0,1711666393760,4,0.0
1711666394,2220.64,2220.85,0.0,0,1711666394210,134,0.0
1711666395,2220.65,2220.86,0.0,0,1711666395515,134,0.0
1711666396,2220.64,2220.84,0.0,0,1711666396678,134,0.0
1711666396,2220.62,2220.83,0.0,0,1711666396878,134,0.0
1711666396,2220.53,2220.74,0.0,0,1711666396878,134,0.0
1711666400,2220.55,2220.75,0.0,0,1711666400556,134,0.0
1711666400,2220.57,2220.78,0.0,0,1711666400832,134,0.0
1711666402,2220.57,2220.77,0.0,0,1711666402364,4,0.0
1711666403,2220.59,2220.79,0.0,0,1711666403622,134,0.0
1711666404,2220.58,2220.79,0.0,0,1711666404481,130,0.0
1711666407,2220.57,2220.78,0.0,0,1711666407105,134,0.0
1711666407,2220.58,2220.79,0.0,0,1711666407699,134,0.0
1711666412,2220.64,2220.85,0.0,0,1711666412188,134,0.0
1711666412,2220.58,2220.79,0.0,0,1711666412935,134,0.0
1711666413,2220.58,2220.78,0.0,0,1711666413493,4,0.0
1711666416,2220.57,2220.78,0.0,0,1711666416711,130,0.0
1711666417,2220.46,2220.66,0.0,0,1711666417003,134,0.0
1711666418,2220.47,2220.68,0.0,0,1711666418216,134,0.0
1711666420,2220.47,2220.67,0.0,0,1711666420099,4,0.0
1711666420,2220.47,2220.68,0.0,0,1711666420395,4,0.0
1711666420,2220.48,2220.69,0.0,0,1711666420687,134,0.0
1711666420,2220.58,2220.78,0.0,0,1711666420966,134,0.0
1711666422,2220.58,2220.79,0.0,0,1711666422247,4,0.0
1711666422,2220.65,2220.86,0.0,0,1711666422748,134,0.0
1711666423,2220.63,2220.83,0.0,0,1711666423504,134,0.0
1711666424,2220.59,2220.79,0.0,0,1711666424512,134,0.0
1711666425,2220.58,2220.79,0.0,0,1711666425517,130,0.0
1711666426,2220.64,2220.85,0.0,0,1711666426075,134,0.0
1711666426,2220.66,2220.86,0.0,0,1711666426875,134,0.0
1711666427,2220.64,2220.85,0.0,0,1711666427334,134,0.0
1711666431,2220.63,2220.84,0.0,0,1711666431207,134,0.0
1711666432,2220.59,2220.79,0.0,0,1711666432164,134,0.0
1711666433,2220.58,2220.79,0.0,0,1711666433235,130,0.0
1711666433,2220.59,2220.79,0.0,0,1711666433623,130,0.0
1711666434,2220.65,2220.86,0.0,0,1711666434124,134,0.0
1711666436,2220.64,2220.84,0.0,0,1711666436745,134,0.0
1711666436,2220.59,2220.79,0.0,0,1711666436838,134,0.0
1711666437,2220.58,2220.79,0.0,0,1711666437133,130,0.0
1711666437,2220.59,2220.8,0.0,0,1711666437144,134,0.0
1711666437,2220.57,2220.78,0.0,0,1711666437463,134,0.0
1711666437,2220.59,2220.79,0.0,0,1711666437790,134,0.0
1711666437,2220.63,2220.84,0.0,0,1711666437804,134,0.0
1711666438,2220.65,2220.85,0.0,0,1711666438130,134,0.0
1711666441,2220.64,2220.84,0.0,0,1711666441981,134,0.0
1711666442,2220.65,2220.86,0.0,0,1711666442234,134,0.0
1711666442,2220.66,2220.86,0.0,0,1711666442580,130,0.0
1711666442,2220.68,2220.88,0.0,0,1711666442751,134,0.0
1711666445,2220.68,2220.89,0.0,0,1711666445058,4,0.0
1711666452,2220.75,2220.91,0.0,0,1711666452557,134,0.0
1711666453,2220.77,2220.94,0.0,0,1711666453554,134,0.0
1711666453,2220.79,2220.96,0.0,0,1711666453816,134,0.0
1711666455,2220.79,2220.97,0.0,0,1711666455417,4,0.0
1711666456,2220.85,2221.01,0.0,0,1711666456634,134,0.0
1711666456,2220.84,2221.01,0.0,0,1711666456929,130,0.0
1711666456,2220.85,2221.01,0.0,0,1711666456929,130,0.0
1711666457,2220.79,2220.97,0.0,0,1711666457336,134,0.0
1711666460,2220.79,2220.98,0.0,0,1711666460705,4,0.0
1711666463,2220.86,2221.01,0.0,0,1711666463277,134,0.0
1711666464,2220.86,2221.03,0.0,0,1711666464282,4,0.0
1711666467,2220.87,2221.01,0.0,0,1711666467404,134,0.0
1711666467,2220.89,2221.03,0.0,0,1711666467815,134,0.0
1711666467,2220.87,2221.02,0.0,0,1711666467853,134,0.0
1711666468,2220.88,2221.03,0.0,0,1711666468150,134,0.0
1711666469,2220.91,2221.03,0.0,0,1711666469260,130,0.0
1711666470,2220.92,2221.04,0.0,0,1711666470068,134,0.0
1711666471,2220.89,2221.0,0.0,0,1711666471172,134,0.0
1711666471,2220.87,2220.99,0.0,0,1711666471447,134,0.0
1711666472,2220.82,2220.97,0.0,0,1711666472282,134,0.0
1711666472,2220.81,2220.96,0.0,0,1711666472735,134,0.0
1711666474,2220.81,2220.97,0.0,0,1711666474047,4,0.0
1711666474,2220.81,2220.96,0.0,0,1711666474149,4,0.0
1711666475,2220.88,2221.03,0.0,0,1711666475508,134,0.0
1711666476,2220.85,2221.04,0.0,0,1711666476714,134,0.0
1711666482,2220.88,2221.02,0.0,0,1711666482653,134,0.0
1711666482,2220.88,2221.01,0.0,0,1711666482996,4,0.0
1711666483,2220.9,2221.03,0.0,0,1711666483058,134,0.0
1711666483,2220.91,2221.04,0.0,0,1711666483756,134,0.0
1711666485,2220.92,2221.04,0.0,0,1711666485825,130,0.0
1711666488,2220.97,2221.09,0.0,0,1711666488244,134,0.0
1711666489,2220.93,2221.05,0.0,0,1711666489847,134,0.0
1711666490,2220.91,2221.06,0.0,0,1711666490276,134,0.0
1711666494,2220.98,2221.09,0.0,0,1711666494934,134,0.0
1711666495,2220.97,2221.11,0.0,0,1711666495212,134,0.0
1711666495,2221.04,2221.18,0.0,0,1711666495233,134,0.0
1711666496,2221.03,2221.22,0.0,0,1711666496194,134,0.0
1711666496,2221.11,2221.29,0.0,0,1711666496699,134,0.0
1711666496,2221.1,2221.29,0.0,0,1711666496865,130,0.0
1711666497,2221.07,2221.27,0.0,0,1711666497218,134,0.0
1711666497,2221.04,2221.24,0.0,0,1711666497553,134,0.0
1711666497,2221.09,2221.29,0.0,0,1711666497864,134,0.0
1711666498,2221.08,2221.29,0.0,0,1711666498106,130,0.0
1711666498,2221.12,2221.32,0.0,0,1711666498206,134,0.0
1711666498,2221.17,2221.38,0.0,0,1711666498664,134,0.0
1711666498,2221.16,2221.36,0.0,0,1711666498841,134,0.0
1711666498,2221.14,2221.35,0.0,0,1711666498870,134,0.0
1711666499,2221.13,2221.34,0.0,0,1711666499165,134,0.0
1711666499,2221.19,2221.4,0.0,0,1711666499497,134,0.0
1711666499,2221.21,2221.41,0.0,0,1711666499679,134,0.0
1711666500,2221.2,2221.41,0.0,0,1711666500069,130,0.0
1711666500,2221.11,2221.31,0.0,0,1711666500183,134,0.0
1711666500,2220.88,2221.08,0.0,0,1711666500494,134,0.0
1711666500,2220.86,2221.06,0.0,0,1711666500928,134,0.0
1711666501,2220.85,2221.06,0.0,0,1711666501152,130,0.0
1711666501,2220.84,2221.05,0.0,0,1711666501392,134,0.0
1711666501,2220.84,2221.04,0.0,0,1711666501488,4,0.0
1711666501,2220.81,2221.01,0.0,0,1711666501807,134,0.0
1711666501,2220.8,2221.01,0.0,0,1711666501884,130,0.0
1711666502,2220.79,2221.0,0.0,0,1711666502198,134,0.0
1711666502,2220.84,2221.04,0.0,0,1711666502479,134,0.0
1711666502,2220.83,2221.04,0.0,0,1711666502710,130,0.0
1711666502,2220.81,2221.02,0.0,0,1711666502852,134,0.0
1711666503,2220.8,2221.01,0.0,0,1711666503138,134,0.0
1711666503,2220.8,2221.0,0.0,0,1711666503195,4,0.0
1711666503,2220.74,2220.94,0.0,0,1711666503547,134,0.0
1711666503,2220.72,2220.93,0.0,0,1711666503801,134,0.0
1711666503,2220.71,2220.91,0.0,0,1711666503846,134,0.0
1711666504,2220.69,2220.9,0.0,0,1711666504254,134,0.0
1711666504,2220.74,2220.94,0.0,0,1711666504549,134,0.0
1711666504,2220.75,2220.95,0.0,0,1711666504781,134,0.0
1711666505,2220.79,2220.99,0.0,0,1711666505455,134,0.0
1711666506,2220.74,2220.95,0.0,0,1711666506013,134,0.0
1711666506,2220.74,2220.94,0.0,0,1711666506114,4,0.0
1711666506,2220.72,2220.92,0.0,0,1711666506423,134,0.0
1711666506,2220.74,2220.95,0.0,0,1711666506973,134,0.0
1711666508,2220.75,2220.95,0.0,0,1711666508421,130,0.0
1711666509,2220.74,2220.95,0.0,0,1711666509532,130,0.0
1711666511,2220.75,2220.95,0.0,0,1711666511002,130,0.0
1711666513,2220.76,2220.96,0.0,0,1711666513056,134,0.0
1711666513,2220.78,2220.99,0.0,0,1711666513659,134,0.0
1711666514,2220.79,2221.0,0.0,0,1711666514665,134,0.0
1711666514,2220.79,2220.99,0.0,0,1711666514822,4,0.0
1711666515,2220.79,2221.0,0.0,0,1711666515875,4,0.0
1711666516,2220.79,2220.99,0.0,0,1711666516003,4,0.0
1711666517,2220.78,2220.99,0.0,0,1711666517944,130,0.0
1711666519,2220.79,2220.99,0.0,0,1711666519096,130,0.0
1711666521,2220.79,2221.0,0.0,0,1711666521325,4,0.0
1711666523,2220.82,2221.02,0.0,0,1711666523783,134,0.0
1711666524,2220.83,2221.03,0.0,0,1711666524282,134,0.0
1711666524,2220.79,2221.0,0.0,0,1711666524574,134,0.0
1711666526,2220.74,2220.95,0.0,0,1711666526093,134,0.0
1711666526,2220.75,2220.96,0.0,0,1711666526452,134,0.0
1711666526,2220.86,2221.06,0.0,0,1711666526560,134,0.0
1711666526,2220.83,2221.04,0.0,0,1711666526653,134,0.0
1711666527,2220.84,2221.05,0.0,0,1711666527817,134,0.0
1711666528,2220.85,2221.05,0.0,0,1711666528112,130,0.0
1711666530,2220.84,2221.05,0.0,0,1711666530071,130,0.0
1711666530,2220.85,2221.05,0.0,0,1711666530390,130,0.0
1711666530,2220.84,2221.05,0.0,0,1711666530517,130,0.0
1711666531,2220.85,2221.05,0.0,0,1711666531889,130,0.0
1711666532,2220.84,2221.05,0.0,0,1711666532164,130,0.0
1711666532,2220.85,2221.05,0.0,0,1711666532288,130,0.0
1711666532,2220.84,2221.05,0.0,0,1711666532593,130,0.0
1711666532,2220.84,2221.04,0.0,0,1711666532824,4,0.0
1711666533,2220.85,2221.05,0.0,0,1711666533094,134,0.0
1711666533,2220.84,2221.04,0.0,0,1711666533753,134,0.0
1711666533,2220.85,2221.05,0.0,0,1711666533904,134,0.0
1711666534,2220.84,2221.05,0.0,0,1711666534500,130,0.0
1711666535,2220.84,2221.04,0.0,0,1711666535811,4,0.0
1711666536,2220.85,2221.05,0.0,0,1711666536728,134,0.0
1711666536,2220.84,2221.05,0.0,0,1711666536822,130,0.0
1711666538,2220.85,2221.05,0.0,0,1711666538740,130,0.0
1711666541,2220.84,2221.04,0.0,0,1711666541200,134,0.0
1711666542,2220.8,2220.99,0.0,0,1711666542053,134,0.0
1711666543,2220.79,2220.99,0.0,0,1711666543066,130,0.0
1711666543,2220.8,2221.01,0.0,0,1711666543716,134,0.0
1711666544,2220.85,2221.06,0.0,0,1711666544047,134,0.0
1711666544,2220.85,2221.05,0.0,0,1711666544118,4,0.0
1711666545,2220.86,2221.06,0.0,0,1711666545075,134,0.0
1711666545,2220.87,2221.07,0.0,0,1711666545383,134,0.0
1711666546,2220.88,2221.08,0.0,0,1711666546079,134,0.0
1711666548,2220.89,2221.08,0.0,0,1711666548143,130,0.0
1711666554,2220.99,2221.13,0.0,0,1711666554942,134,0.0
1711666555,2221.0,2221.14,0.0,0,1711666555276,134,0.0
1711666555,2221.01,2221.15,0.0,0,1711666555847,134,0.0
1711666557,2221.04,2221.23,0.0,0,1711666557914,134,0.0
1711666558,2221.02,2221.21,0.0,0,1711666558238,134,0.0
1711666558,2221.01,2221.19,0.0,0,1711666558310,134,0.0
1711666559,2220.99,2221.18,0.0,0,1711666559090,134,0.0
1711666561,2220.95,2221.13,0.0,0,1711666561385,134,0.0
1711666561,2220.88,2221.06,0.0,0,1711666561548,134,0.0
1711666561,2220.89,2221.07,0.0,0,1711666561599,134,0.0
1711666561,2220.89,2221.06,0.0,0,1711666561880,4,0.0
1711666561,2220.88,2221.06,0.0,0,1711666561888,130,0.0
1711666562,2220.87,2221.05,0.0,0,1711666562201,134,0.0
1711666562,2220.95,2221.13,0.0,0,1711666562201,134,0.0
1711666562,2220.96,2221.13,0.0,0,1711666562529,130,0.0
1711666562,2220.94,2221.12,0.0,0,1711666562543,134,0.0
1711666562,2220.93,2221.11,0.0,0,1711666562853,134,0.0
1711666563,2220.93,2221.12,0.0,0,1711666563046,4,0.0
1711666563,2220.91,2221.1,0.0,0,1711666563186,134,0.0
1711666563,2220.91,2221.09,0.0,0,1711666563248,4,0.0
1711666564,2220.9,2221.08,0.0,0,1711666564112,134,0.0
1711666566,2220.9,2221.07,0.0,0,1711666566065,4,0.0
1711666567,2220.85,2221.01,0.0,0,1711666567274,134,0.0
1711666567,2220.77,2220.92,0.0,0,1711666567480,134,0.0
1711666567,2220.77,2220.93,0.0,0,1711666567804,4,0.0
1711666568,2220.74,2220.95,0.0,0,1711666568389,134,0.0
1711666568,2220.75,2220.95,0.0,0,1711666568497,130,0.0
1711666568,2220.74,2220.95,0.0,0,1711666568799,130,0.0
1711666569,2220.75,2220.95,0.0,0,1711666569594,130,0.0
1711666569,2220.74,2220.95,0.0,0,1711666569787,130,0.0
1711666570,2220.75,2220.95,0.0,0,1711666570092,130,0.0
1711666570,2220.74,2220.95,0.0,0,1711666570601,130,0.0
1711666571,2220.75,2220.95,0.0,0,1711666571705,130,0.0
1711666572,2220.76,2220.96,0.0,0,1711666572215,134,0.0
1711666572,2220.78,2220.98,0.0,0,1711666572429,134,0.0
1711666572,2220.78,2220.99,0.0,0,1711666572507,4,0.0
1711666572,2220.79,2220.99,0.0,0,1711666572760,130,0.0
1711666573,2220.79,2221.0,0.0,0,1711666573060,4,0.0
1711666573,2220.8,2221.0,0.0,0,1711666573264,130,0.0
1711666573,2220.75,2220.95,0.0,0,1711666573421,134,0.0
1711666573,2220.74,2220.94,0.0,0,1711666573461,134,0.0
1711666573,2220.75,2220.96,0.0,0,1711666573746,134,0.0
1711666573,2220.77,2220.97,0.0,0,1711666573764,134,0.0
1711666574,2220.79,2220.99,0.0,0,1711666574323,134,0.0
1711666574,2220.76,2220.96,0.0,0,1711666574736,134,0.0
1711666574,2220.75,2220.95,0.0,0,1711666574825,134,0.0
1711666575,2220.76,2220.96,0.0,0,1711666575063,134,0.0
1711666575,2220.75,2220.96,0.0,0,1711666575200,130,0.0
1711666575,2220.74,2220.95,0.0,0,1711666575394,134,0.0
1711666575,2220.79,2221.0,0.0,0,1711666575486,134,0.0
1711666576,2220.8,2221.0,0.0,0,1711666576135,130,0.0
1711666579,2220.79,2221.0,0.0,0,1711666579058,130,0.0
1711666579,2220.72,2220.92,0.0,0,1711666579664,134,0.0
1711666581,2220.73,2220.94,0.0,0,1711666581775,134,0.0
1711666581,2220.75,2220.96,0.0,0,1711666581994,134,0.0
1711666582,2220.78,2220.99,0.0,0,1711666582827,134,0.0
1711666583,2220.79,2220.99,0.0,0,1711666583835,130,0.0
1711666584,2220.84,2221.04,0.0,0,1711666584642,134,0.0
1711666584,2220.87,2221.07,0.0,0,1711666584964,134,0.0
1711666585,2220.88,2221.08,0.0,0,1711666585094,134,0.0
1711666585,2220.83,2221.03,0.0,0,1711666585656,134,0.0
1711666585,2220.81,2221.01,0.0,0,1711666585953,134,0.0
1711666586,2220.79,2220.99,0.0,0,1711666586705,134,0.0
1711666587,2220.78,2220.99,0.0,0,1711666587721,130,0.0
1711666589,2220.82,2221.03,0.0,0,1711666589425,134,0.0
1711666590,2220.83,2221.04,0.0,0,1711666590183,134,0.0
1711666590,2220.84,2221.04,0.0,0,1711666590285,130,0.0
1711666590,2220.86,2221.07,0.0,0,1711666590576,134,0.0
1711666590,2220.87,2221.07,0.0,0,1711666590584,130,0.0
1711666590,2220.87,2221.08,0.0,0,1711666590918,4,0.0
1711666591,2220.83,2221.04,0.0,0,1711666591190,134,0.0
1711666591,2220.82,2221.03,0.0,0,1711666591305,134,0.0
1711666593,2220.83,2221.03,0.0,0,1711666593753,130,0.0
1711666593,2220.84,2221.04,0.0,0,1711666593877,134,0.0
1711666593,2220.83,2221.03,0.0,0,1711666593957,134,0.0
1711666595,2220.82,2221.03,0.0,0,1711666595619,130,0.0
1711666595,2220.84,2221.04,0.0,0,1711666595855,134,0.0
1711666596,2220.87,2221.07,0.0,0,1711666596064,134,0.0
1711666596,2220.87,2221.08,0.0,0,1711666596325,4,0.0
1711666597,2220.88,2221.09,0.0,0,1711666597175,134,0.0
1711666609,2220.96,2221.08,0.0,0,1711666609941,134,0.0
1711666610,2220.97,2221.09,0.0,0,1711666610616,134,0.0
1711666611,2220.95,2221.06,0.0,0,1711666611069,134,0.0
1711666611,2220.94,2221.05,0.0,0,1711666611368,134,0.0
1711666611,2220.93,2221.05,0.0,0,1711666611722,130,0.0
1711666612,2220.93,2221.04,0.0,0,1711666612728,4,0.0
1711666616,2220.87,2220.98,0.0,0,1711666616257,134,0.0
1711666616,2220.88,2221.0,0.0,0,1711666616653,134,0.0
1711666617,2220.86,2220.99,0.0,0,1711666617213,134,0.0
1711666617,2220.84,2220.98,0.0,0,1711666617636,134,0.0
1711666617,2220.87,2221.0,0.0,0,1711666617764,134,0.0
1711666618,2220.88,2221.0,0.0,0,1711666618517,130,0.0
1711666620,2220.9,2221.01,0.0,0,1711666620507,134,0.0
1711666620,2220.91,2221.02,0.0,0,1711666620731,134,0.0
1711666621,2220.92,2221.04,0.0,0,1711666621498,134,0.0
1711666622,2220.93,2221.04,0.0,0,1711666622511,130,0.0
1711666630,2220.88,2220.99,0.0,0,1711666630498,134,0.0
1711666630,2220.89,2221.0,0.0,0,1711666630558,134,0.0
1711666630,2220.9,2221.01,0.0,0,1711666630841,134,0.0
1711666631,2220.92,2221.04,0.0,0,1711666631010,134,0.0
1711666631,2220.93,2221.04,0.0,0,1711666631205,130,0.0
1711666631,2220.93,2221.05,0.0,0,1711666631496,4,0.0
1711666635,2220.97,2221.08,0.0,0,1711666635029,134,0.0
1711666635,2220.96,2221.07,0.0,0,1711666635456,134,0.0
1711666636,2220.93,2221.05,0.0,0,1711666636135,134,0.0
1711666637,2220.93,2221.04,0.0,0,1711666637139,4,0.0
1711666639,2220.96,2221.07,0.0,0,1711666639874,134,0.0
1711666640,2220.97,2221.09,0.0,0,1711666640085,134,0.0
1711666644,2220.99,2221.11,0.0,0,1711666644788,134,0.0
1711666645,2221.01,2221.12,0.0,0,1711666645094,134,0.0
1711666645,2221.02,2221.13,0.0,0,1711666645355,134,0.0
1711666646,2221.03,2221.14,0.0,0,1711666646402,134,0.0
1711666648,2221.08,2221.2,0.0,0,1711666648115,134,0.0
1711666648,2221.1,2221.22,0.0,0,1711666648328,134,0.0
1711666648,2221.12,2221.23,0.0,0,1711666648514,134,0.0
1711666648,2221.12,2221.24,0.0,0,1711666648874,4,0.0
1711666649,2221.12,2221.25,0.0,0,1711666649980,4,0.0
1711666664,2221.16,2221.28,0.0,0,1711666664934,134,0.0
1711666665,2221.15,2221.26,0.0,0,1711666665155,134,0.0
1711666665,2221.16,2221.27,0.0,0,1711666665590,134,0.0
1711666665,2221.15,2221.27,0.0,0,1711666665819,130,0.0
1711666666,2221.13,2221.25,0.0,0,1711666666643,134,0.0
1711666666,2221.15,2221.27,0.0,0,1711666666811,134,0.0
1711666667,2221.16,2221.28,0.0,0,1711666667695,134,0.0
1711666668,2221.17,2221.28,0.0,0,1711666668105,130,0.0
1711666679,2221.19,2221.3,0.0,0,1711666679074,134,0.0
1711666679,2221.2,2221.32,0.0,0,1711666679349,134,0.0
1711666680,2221.23,2221.34,0.0,0,1711666680082,134,0.0
1711666680,2221.15,2221.26,0.0,0,1711666680350,134,0.0
1711666680,2221.14,2221.26,0.0,0,1711666680900,130,0.0
1711666681,2221.14,2221.25,0.0,0,1711666681047,4,0.0
1711666681,2221.13,2221.25,0.0,0,1711666681347,130,0.0
1711666682,2221.16,2221.27,0.0,0,1711666682059,134,0.0
1711666682,2221.17,2221.28,0.0,0,1711666682326,134,0.0
1711666683,2221.24,2221.36,0.0,0,1711666683555,134,0.0
1711666683,2221.22,2221.33,0.0,0,1711666683662,134,0.0
1711666683,2221.23,2221.35,0.0,0,1711666683979,134,0.0
1711666684,2221.22,2221.33,0.0,0,1711666684113,134,0.0
1711666684,2221.23,2221.34,0.0,0,1711666684416,134,0.0
1711666685,2221.22,2221.35,0.0,0,1711666685014,134,0.0
1711666691,2221.23,2221.35,0.0,0,1711666691152,130,0.0
1711666691,2221.18,2221.3,0.0,0,1711666691258,134,0.0
1711666691,2221.19,2221.3,0.0,0,1711666691555,130,0.0
1711666691,2221.18,2221.3,0.0,0,1711666691614,130,0.0
1711666692,2221.2,2221.31,0.0,0,1711666692981,134,0.0
1711666693,2221.22,2221.34,0.0,0,1711666693489,134,0.0
1711666694,2221.23,2221.34,0.0,0,1711666694496,130,0.0
1711666695,2221.23,2221.35,0.0,0,1711666695287,4,0.0
1711666695,2221.26,2221.38,0.0,0,1711666695511,134,0.0
1711666700,2221.28,2221.39,0.0,0,1711666700270,134,0.0
1711666700,2221.3,2221.42,0.0,0,1711666700479,134,0.0
1711666700,2221.27,2221.38,0.0,0,1711666700794,134,0.0
1711666702,2221.29,2221.4,0.0,0,1711666702054,134,0.0
1711666702,2221.3,2221.42,0.0,0,1711666702235,134,0.0
1711666702,2221.32,2221.44,0.0,0,1711666702685,134,0.0
1711666703,2221.33,2221.44,0.0,0,1711666703452,130,0.0
1711666704,2221.36,2221.47,0.0,0,1711666704753,134,0.0
1711666705,2221.43,2221.54,0.0,0,1711666705252,134,0.0
1711666705,2221.43,2221.55,0.0,0,1711666705453,4,0.0
1711666706,2221.39,2221.57,0.0,0,1711666706665,134,0.0
1711666707,2221.39,2221.58,0.0,0,1711666707217,4,0.0
1711666707,2221.4,2221.59,0.0,0,1711666707872,134,0.0
1711666713,2221.47,2221.6,0.0,0,1711666713057,134,0.0
1711666713,2221.54,2221.67,0.0,0,1711666713334,134,0.0
1711666713,2221.55,2221.69,0.0,0,1711666713354,134,0.0
1711666713,2221.53,2221.67,0.0,0,1711666713672,134,0.0
1711666713,2221.52,2221.66,0.0,0,1711666713762,134,0.0
1711666714,2221.5,2221.7,0.0,0,1711666714361,134,0.0
1711666714,2221.52,2221.73,0.0,0,1711666714873,134,0.0
1711666715,2221.53,2221.74,0.0,0,1711666715173,134,0.0
1711666715,2221.47,2221.68,0.0,0,1711666715420,134,0.0
1711666715,2221.48,2221.68,0.0,0,1711666715926,130,0.0
1711666716,2221.48,2221.69,0.0,0,1711666716584,4,0.0
1711666717,2221.49,2221.69,0.0,0,1711666717490,130,0.0
1711666717,2221.48,2221.69,0.0,0,1711666717834,130,0.0
1711666723,2221.45,2221.62,0.0,0,1711666723982,134,0.0
1711666726,2221.45,2221.63,0.0,0,1711666726142,4,0.0
1711666726,2221.46,2221.65,0.0,0,1711666726300,134,0.0
1711666726,2221.47,2221.65,0.0,0,1711666726534,130,0.0
1711666727,2221.5,2221.68,0.0,0,1711666727506,134,0.0
1711666728,2221.51,2221.68,0.0,0,1711666728734,130,0.0
1711666729,2221.46,2221.63,0.0,0,1711666729019,134,0.0
1711666729,2221.46,2221.64,0.0,0,1711666729322,4,0.0
1711666729,2221.45,2221.63,0.0,0,1711666729824,134,0.0
1711666730,2221.46,2221.63,0.0,0,1711666730173,130,0.0
1711666730,2221.45,2221.63,0.0,0,1711666730495,130,0.0
1711666731,2221.44,2221.62,0.0,0,1711666731333,134,0.0
1711666731,2221.45,2221.63,0.0,0,1711666731487,134,0.0
1711666732,2221.47,2221.63,0.0,0,1711666732293,130,0.0
1711666732,2221.48,2221.64,0.0,0,1711666732475,134,0.0
1711666732,2221.49,2221.65,0.0,0,1711666732487,134,0.0
1711666732,2221.5,2221.66,0.0,0,1711666732804,134,0.0
1711666733,2221.51,2221.67,0.0,0,1711666733097,134,0.0
1711666733,2221.51,2221.68,0.0,0,1711666733593,4,0.0
1711666733,2221.51,2221.67,0.0,0,1711666733954,4,0.0
1711666734,2221.52,2221.67,0.0,0,1711666734964,130,0.0
1711666738,2221.57,2221.68,0.0,0,1711666738882,134,0.0
1711666739,2221.58,2221.69,0.0,0,1711666739074,134,0.0
1711666739,2221.56,2221.69,0.0,0,1711666739693,130,0.0
1711666740,2221.54,2221.67,0.0,0,1711666740261,134,0.0
1711666740,2221.54,2221.66,0.0,0,1711666740396,4,0.0
1711666740,2221.53,2221.66,0.0,0,1711666740495,130,0.0
1711666740,2221.53,2221.65,0.0,0,1711666740942,4,0.0
1711666741,2221.52,2221.65,0.0,0,1711666741932,130,0.0
1711666743,2221.53,2221.65,0.0,0,1711666743113,130,0.0
1711666744,2221.53,2221.64,0.0,0,1711666744076,4,0.0
1711666744,2221.53,2221.65,0.0,0,1711666744357,4,0.0
1711666744,2221.58,2221.7,0.0,0,1711666744378,134,0.0
1711666745,2221.56,2221.69,0.0,0,1711666745575,134,0.0
1711666745,2221.54,2221.67,0.0,0,1711666745989,134,0.0
1711666746,2221.53,2221.67,0.0,0,1711666746087,130,0.0
1711666746,2221.52,2221.66,0.0,0,1711666746642,134,0.0
1711666746,2221.53,2221.67,0.0,0,1711666746984,134,0.0
1711666747,2221.56,2221.7,0.0,0,1711666747194,134,0.0
1711666747,2221.72,2221.87,0.0,0,1711666747488,134,0.0
1711666747,2221.91,2222.05,0.0,0,1711666747662,134,0.0
1711666747,2221.92,2222.07,0.0,0,1711666747662,134,0.0
1711666747,2221.96,2222.11,0.0,0,1711666747989,134,0.0
1711666748,2221.92,2222.12,0.0,0,1711666748063,134,0.0
1711666748,2221.92,2222.13,0.0,0,1711666748315,4,0.0
1711666749,2221.95,2222.16,0.0,0,1711666749054,134,0.0
1711666750,2221.96,2222.17,0.0,0,1711666750154,134,0.0
1711666750,2221.95,2222.15,0.0,0,1711666750298,134,0.0
1711666751,2221.92,2222.13,0.0,0,1711666751063,134,0.0
1711666752,2221.9,2222.11,0.0,0,1711666752068,134,0.0
1711666753,2221.94,2222.15,0.0,0,1711666753032,134,0.0
1711666753,2221.95,2222.16,0.0,0,1711666753271,134,0.0
1711666753,2221.95,2222.15,0.0,0,1711666753431,4,0.0
1711666757,2221.95,2222.16,0.0,0,1711666757613,4,0.0
1711666757,2221.98,2222.18,0.0,0,1711666757888,134,0.0
1711666758,2222.0,2222.2,0.0,0,1711666758318,134,0.0
1711666759,2222.05,2222.26,0.0,0,1711666759115,134,0.0
1711666760,2222.04,2222.25,0.0,0,1711666760123,134,0.0
1711666760,2222.01,2222.21,0.0,0,1711666760583,134,0.0
1711666760,2222.0,2222.21,0.0,0,1711666760856,130,0.0
1711666761,2222.0,2222.2,0.0,0,1711666761738,4,0.0
1711666761,2222.05,2222.25,0.0,0,1711666761942,134,0.0
1711666762,2222.06,2222.26,0.0,0,1711666762744,134,0.0
1711666762,2222.07,2222.27,0.0,0,1711666762846,134,0.0
1711666763,2222.05,2222.25,0.0,0,1711666763168,134,0.0
1711666763,2222.04,2222.25,0.0,0,1711666763347,130,0.0
1711666763,2222.02,2222.22,0.0,0,1711666763605,134,0.0
1711666763,2222.05,2222.25,0.0,0,1711666763833,134,0.0
1711666766,2222.03,2222.23,0.0,0,1711666766717,134,0.0
1711666767,2222.0,2222.21,0.0,0,1711666767425,134,0.0
1711666767,2222.0,2222.2,0.0,0,1711666767625,4,0.0
1711666767,2221.95,2222.16,0.0,0,1711666767787,134,0.0
1711666767,2221.93,2222.13,0.0,0,1711666767875,134,0.0
1711666768,2222.01,2222.21,0.0,0,1711666768120,134,0.0
1711666768,2222.0,2222.21,0.0,0,1711666768175,130,0.0
1711666768,2222.01,2222.21,0.0,0,1711666768452,130,0.0
1711666768,2222.09,2222.29,0.0,0,1711666768492,134,0.0
1711666768,2222.07,2222.27,0.0,0,1711666768776,134,0.0
1711666768,2222.09,2222.29,0.0,0,1711666768885,134,0.0
1711666769,2222.15,2222.36,0.0,0,1711666769114,134,0.0
1711666769,2222.16,2222.36,0.0,0,1711666769185,130,0.0
1711666769,2222.2,2222.4,0.0,0,1711666769444,134,0.0
1711666769,2222.21,2222.41,0.0,0,1711666769490,134,0.0
1711666769,2222.16,2222.37,0.0,0,1711666769774,134,0.0
1711666769,2222.18,2222.39,0.0,0,1711666769895,134,0.0
1711666770,2222.18,2222.38,0.0,0,1711666770094,4,0.0
1711666770,2222.17,2222.38,0.0,0,1711666770100,130,0.0
1711666770,2222.22,2222.42,0.0,0,1711666770426,134,0.0
1711666770,2222.18,2222.39,0.0,0,1711666770598,134,0.0
1711666770,2222.18,2222.38,0.0,0,1711666770753,4,0.0
1711666770,2222.1,2222.3,0.0,0,1711666770798,134,0.0
1711666771,2222.04,2222.24,0.0,0,1711666771089,134,0.0
1711666771,2222.02,2222.23,0.0,0,1711666771117,134,0.0
1711666771,2222.01,2222.22,0.0,0,1711666771418,134,0.0
1711666771,2221.91,2222.12,0.0,0,1711666771551,134,0.0
1711666771,2221.89,2222.09,0.0,0,1711666771853,134,0.0
1711666772,2221.9,2222.11,0.0,0,1711666772160,134,0.0
1711666772,2221.95,2222.15,0.0,0,1711666772763,134,0.0
1711666773,2221.95,2222.16,0.0,0,1711666773165,4,0.0
1711666773,2221.97,2222.18,0.0,0,1711666773401,134,0.0
1711666773,2221.98,2222.18,0.0,0,1711666773771,130,0.0
1711666774,2221.97,2222.18,0.0,0,1711666774057,130,0.0
1711666774,2221.86,2222.07,0.0,0,1711666774725,134,0.0
1711666775,2221.88,2222.09,0.0,0,1711666775053,134,0.0
1711666775,2221.91,2222.12,0.0,0,1711666775632,134,0.0
1711666775,2221.92,2222.12,0.0,0,1711666775734,130,0.0
1711666776,2221.94,2222.14,0.0,0,1711666776036,134,0.0
1711666776,2221.96,2222.16,0.0,0,1711666776173,134,0.0
1711666776,2221.87,2222.08,0.0,0,1711666776375,134,0.0
1711666776,2221.8,2222.0,0.0,0,1711666776442,134,0.0
1711666778,2221.78,2221.99,0.0,0,1711666778910,134,0.0
1711666779,2221.7,2221.9,0.0,0,1711666779103,134,0.0
1711666779,2221.69,2221.89,0.0,0,1711666779337,134,0.0
1711666779,2221.68,2221.89,0.0,0,1711666779672,130,0.0
1711666779,2221.69,2221.9,0.0,0,1711666779962,134,0.0
1711666781,2221.73,2221.94,0.0,0,1711666781777,134,0.0
1711666782,2221.76,2221.97,0.0,0,1711666782036,134,0.0
1711666782,2221.86,2222.06,0.0,0,1711666782311,134,0.0
1711666782,2221.88,2222.08,0.0,0,1711666782382,134,0.0
1711666782,2221.89,2222.09,0.0,0,1711666782647,134,0.0
1711666782,2221.9,2222.11,0.0,0,1711666782984,134,0.0
1711666783,2221.94,2222.15,0.0,0,1711666783303,134,0.0
1711666783,2221.95,2222.15,0.0,0,1711666783739,130,0.0
1711666783,2221.94,2222.15,0.0,0,1711666783958,130,0.0
1711666784,2221.93,2222.13,0.0,0,1711666784118,134,0.0
1711666784,2221.94,2222.15,0.0,0,1711666784354,134,0.0
1711666784,2221.95,2222.16,0.0,0,1711666784638,134,0.0
1711666784,2221.94,2222.14,0.0,0,1711666784748,134,0.0
1711666785,2221.95,2222.15,0.0,0,1711666785505,134,0.0
1711666785,2221.96,2222.16,0.0,0,1711666785615,134,0.0
1711666785,2221.98,2222.18,0.0,0,1711666785950,134,0.0
1711666785,2221.94,2222.14,0.0,0,1711666785970,134,0.0
1711666786,2221.94,2222.15,0.0,0,1711666786711,4,0.0
1711666787,2221.98,2222.18,0.0,0,1711666787123,134,0.0
1711666787,2221.99,2222.19,0.0,0,1711666787568,134,0.0
1711666788,2221.94,2222.14,0.0,0,1711666788478,134,0.0
1711666788,2221.93,2222.14,0.0,0,1711666788578,130,0.0
1711666788,2221.94,2222.14,0.0,0,1711666788775,130,0.0
1711666788,2221.94,2222.15,0.0,0,1711666788931,4,0.0
1711666789,2221.95,2222.16,0.0,0,1711666789879,134,0.0
1711666790,2221.94,2222.14,0.0,0,1711666790344,134,0.0
1711666790,2221.94,2222.15,0.0,0,1711666790558,4,0.0
1711666790,2221.86,2222.07,0.0,0,1711666790794,134,0.0
1711666790,2221.83,2222.04,0.0,0,1711666790891,134,0.0
1711666791,2221.85,2222.06,0.0,0,1711666791219,134,0.0
1711666791,2221.75,2221.96,0.0,0,1711666791950,134,0.0
1711666793,2221.75,2221.95,0.0,0,1711666793182,4,0.0
1711666793,2221.75,2221.96,0.0,0,1711666793270,4,0.0
1711666793,2221.76,2221.97,0.0,0,1711666793535,134,0.0
1711666793,2221.79,2221.99,0.0,0,1711666793682,134,0.0
1711666794,2221.8,2222.0,0.0,0,1711666794699,134,0.0
1711666794,2221.84,2222.05,0.0,0,1711666794854,134,0.0
1711666795,2221.89,2222.09,0.0,0,1711666795972,134,0.0
1711666796,2221.91,2222.11,0.0,0,1711666796171,134,0.0
1711666796,2221.93,2222.13,0.0,0,1711666796180,134,0.0
1711666796,2221.94,2222.14,0.0,0,1711666796786,134,0.0
1711666797,2221.93,2222.14,0.0,0,1711666797033,130,0.0
1711666797,2221.92,2222.13,0.0,0,1711666797161,134,0.0
1711666797,2221.92,2222.12,0.0,0,1711666797242,4,0.0
1711666798,2221.85,2222.05,0.0,0,1711666798094,134,0.0
1711666798,2221.84,2222.04,0.0,0,1711666798196,134,0.0
1711666799,2221.84,2222.05,0.0,0,1711666799045,4,0.0
1711666799,2221.75,2221.96,0.0,0,1711666799487,134,0.0
1711666799,2221.76,2221.96,0.0,0,1711666799808,130,0.0
1711666800,2221.71,2221.92,0.0,0,1711666800237,134,0.0
1711666800,2221.26,2221.46,0.0,0,1711666800466,134,0.0
1711666800,2221.26,2221.47,0.0,0,1711666800696,4,0.0
1711666800,2221.22,2221.43,0.0,0,1711666800798,134,0.0
1711666801,2221.23,2221.43,0.0,0,1711666801122,130,0.0
1711666801,2221.22,2221.42,0.0,0,1711666801208,134,0.0
1711666801,2221.25,2221.46,0.0,0,1711666801911,134,0.0
1711666803,2221.25,2221.45,0.0,0,1711666803102,4,0.0
1711666803,2221.16,2221.37,0.0,0,1711666803172,134,0.0
1711666804,2221.17,2221.37,0.0,0,1711666804186,130,0.0
1711666804,2221.16,2221.36,0.0,0,1711666804633,134,0.0
1711666805,2221.15,2221.35,0.0,0,1711666805092,134,0.0
1711666805,2221.08,2221.28,0.0,0,1711666805408,134,0.0
1711666805,2221.11,2221.32,0.0,0,1711666805897,134,0.0
1711666807,2221.08,2221.28,0.0,0,1711666807014,134,0.0
1711666807,2221.1,2221.3,0.0,0,1711666807404,134,0.0
1711666807,2221.09,2221.3,0.0,0,1711666807720,130,0.0
1711666807,2221.1,2221.31,0.0,0,1711666807775,134,0.0
1711666810,2221.05,2221.26,0.0,0,1711666810073,134,0.0
1711666815,2220.98,2221.19,0.0,0,1711666815611,134,0.0
1711666815,2220.99,2221.19,0.0,0,1711666815714,130,0.0
1711666815,2221.0,2221.2,0.0,0,1711666815967,134,0.0
1711666816,2221.0,2221.21,0.0,0,1711666816322,4,0.0
1711666819,2220.95,2221.16,0.0,0,1711666819234,134,0.0
1711666820,2220.94,2221.15,0.0,0,1711666820358,134,0.0
1711666820,2220.93,2221.14,0.0,0,1711666820592,134,0.0
1711666821,2220.9,2221.11,0.0,0,1711666821297,134,0.0
1711666821,2220.83,2221.04,0.0,0,1711666821573,134,0.0
1711666821,2220.82,2221.03,0.0,0,1711666821603,134,0.0
1711666821,2220.75,2220.95,0.0,0,1711666821920,134,0.0
1711666821,2220.74,2220.94,0.0,0,1711666821920,134,0.0
1711666822,2220.64,2220.84,0.0,0,1711666822234,134,0.0
1711666822,2220.56,2220.77,0.0,0,1711666822472,134,0.0
1711666822,2220.54,2220.74,0.0,0,1711666822658,134,0.0
1711666822,2220.53,2220.74,0.0,0,1711666822927,130,0.0
1711666823,2220.54,2220.74,0.0,0,1711666823222,130,0.0
1711666824,2220.54,2220.75,0.0,0,1711666824018,4,0.0
1711666824,2220.55,2220.76,0.0,0,1711666824210,134,0.0
1711666824,2220.56,2220.77,0.0,0,1711666824277,134,0.0
1711666824,2220.63,2220.83,0.0,0,1711666824544,134,0.0
1711666824,2220.64,2220.84,0.0,0,1711666824582,134,0.0
1711666827,2220.63,2220.84,0.0,0,1711666827291,130,0.0
1711666827,2220.6,2220.81,0.0,0,1711666827793,134,0.0
1711666828,2220.59,2220.8,0.0,0,1711666828805,134,0.0
1711666829,2220.54,2220.75,0.0,0,1711666829354,134,0.0
1711666829,2220.53,2220.73,0.0,0,1711666829652,134,0.0
1711666829,2220.52,2220.73,0.0,0,1711666829825,130,0.0
1711666830,2220.5,2220.71,0.0,0,1711666830263,134,0.0
1711666831,2220.49,2220.7,0.0,0,1711666831264,134,0.0
1711666832,2220.49,2220.69,0.0,0,1711666832172,4,0.0
1711666833,2220.44,2220.64,0.0,0,1711666833193,134,0.0
1711666833,2220.42,2220.62,0.0,0,1711666833462,134,0.0
1711666833,2220.44,2220.64,0.0,0,1711666833494,134,0.0
1711666835,2220.44,2220.65,0.0,0,1711666835643,4,0.0
1711666835,2220.45,2220.65,0.0,0,1711666835766,130,0.0
1711666835,2220.53,2220.73,0.0,0,1711666835846,134,0.0
1711666837,2220.53,2220.74,0.0,0,1711666837009,4,0.0
1711666841,2220.54,2220.74,0.0,0,1711666841787,130,0.0
1711666842,2220.61,2220.82,0.0,0,1711666842033,134,0.0
1711666843,2220.56,2220.77,0.0,0,1711666843050,134,0.0
1711666843,2220.58,2220.79,0.0,0,1711666843359,134,0.0
1711666844,2220.53,2220.74,0.0,0,1711666844527,134,0.0
1711666844,2220.62,2220.83,0.0,0,1711666844701,134,0.0
1711666845,2220.62,2220.82,0.0,0,1711666845010,4,0.0
1711666845,2220.62,2220.83,0.0,0,1711666845162,4,0.0
1711666845,2220.63,2220.83,0.0,0,1711666845557,130,0.0
1711666846,2220.63,2220.84,0.0,0,1711666846220,4,0.0
1711666846,2220.55,2220.76,0.0,0,1711666846327,134,0.0
1711666847,2220.54,2220.74,0.0,0,1711666847086,134,0.0
1711666848,2220.44,2220.65,0.0,0,1711666848546,134,0.0
1711666848,2220.43,2220.64,0.0,0,1711666848643,134,0.0
1711666849,2220.26,2220.47,0.0,0,1711666849145,134,0.0
1711666849,2220.25,2220.45,0.0,0,1711666849299,134,0.0
1711666850,2220.24,2220.45,0.0,0,1711666850194,130,0.0
1711666850,2220.24,2220.44,0.0,0,1711666850305,4,0.0
1711666850,2220.16,2220.36,0.0,0,1711666850620,134,0.0
1711666851,2220.16,2220.37,0.0,0,1711666851395,4,0.0
1711666852,2220.19,2220.4,0.0,0,1711666852123,134,0.0
1711666852,2220.15,2220.35,0.0,0,1711666852265,134,0.0
1711666852,2220.14,2220.35,0.0,0,1711666852453,130,0.0
1711666852,2220.15,2220.35,0.0,0,1711666852594,130,0.0
1711666853,2220.14,2220.35,0.0,0,1711666853813,130,0.0
1711666857,2220.03,2220.23,0.0,0,1711666857843,134,0.0
1711666857,2220.04,2220.24,0.0,0,1711666857945,134,0.0
1711666858,2220.05,2220.25,0.0,0,1711666858212,134,0.0
1711666858,2220.04,2220.25,0.0,0,1711666858796,130,0.0
1711666859,2220.04,2220.24,0.0,0,1711666859199,4,0.0
1711666859,2220.11,2220.32,0.0,0,1711666859524,134,0.0
1711666859,2220.12,2220.32,0.0,0,1711666859605,130,0.0
1711666859,2220.11,2220.32,0.0,0,1711666859863,130,0.0
1711666860,2220.13,2220.34,0.0,0,1711666860061,134,0.0
1711666862,2220.22,2220.43,0.0,0,1711666862186,134,0.0
1711666862,2220.21,2220.42,0.0,0,1711666862493,134,0.0
1711666862,2220.23,2220.44,0.0,0,1711666862924,134,0.0
1711666863,2220.14,2220.34,0.0,0,1711666863157,134,0.0
1711666863,2220.15,2220.36,0.0,0,1711666863433,134,0.0
1711666863,2220.15,2220.35,0.0,0,1711666863524,4,0.0
1711666864,2220.18,2220.38,0.0,0,1711666864497,134,0.0
1711666864,2220.18,2220.39,0.0,0,1711666864808,4,0.0
1711666865,2220.24,2220.44,0.0,0,1711666865089,134,0.0
1711666866,2220.32,2220.53,0.0,0,1711666866509,134,0.0
1711666868,2220.34,2220.54,0.0,0,1711666868014,134,0.0
1711666871,2220.35,2220.55,0.0,0,1711666871933,134,0.0
1711666872,2220.37,2220.58,0.0,0,1711666872444,134,0.0
1711666872,2220.4,2220.6,0.0,0,1711666872725,134,0.0
1711666872,2220.4,2220.61,0.0,0,1711666872996,4,0.0
1711666873,2220.38,2220.59,0.0,0,1711666873396,134,0.0
1711666876,2220.44,2220.64,0.0,0,1711666876969,134,0.0
1711666877,2220.43,2220.64,0.0,0,1711666877066,130,0.0
1711666877,2220.44,2220.65,0.0,0,1711666877348,134,0.0
1711666877,2220.47,2220.67,0.0,0,1711666877573,134,0.0
1711666878,2220.48,2220.68,0.0,0,1711666878582,134,0.0
1711666880,2220.53,2220.73,0.0,0,1711666880042,134,0.0
1711666880,2220.49,2220.69,0.0,0,1711666880797,134,0.0
1711666881,2220.46,2220.66,0.0,0,1711666881002,134,0.0
1711666881,2220.44,2220.64,0.0,0,1711666881012,134,0.0
1711666881,2220.43,2220.64,0.0,0,1711666881315,130,0.0
1711666882,2220.44,2220.64,0.0,0,1711666882005,130,0.0
1711666882,2220.45,2220.65,0.0,0,1711666882295,134,0.0
1711666882,2220.46,2220.67,0.0,0,1711666882353,134,0.0
1711666882,2220.47,2220.68,0.0,0,1711666882804,134,0.0
1711666884,2220.52,2220.73,0.0,0,1711666884818,134,0.0
1711666888,2220.58,2220.79,0.0,0,1711666888595,134,0.0
1711666888,2220.54,2220.75,0.0,0,1711666888893,134,0.0
1711666889,2220.57,2220.77,0.0,0,1711666889101,134,0.0
1711666889,2220.53,2220.73,0.0,0,1711666889223,134,0.0
1711666889,2220.52,2220.72,0.0,0,1711666889547,134,0.0
1711666894,2220.62,2220.82,0.0,0,1711666894282,134,0.0
1711666894,2220.6,2220.8,0.0,0,1711666894887,134,0.0
1711666895,2220.6,2220.81,0.0,0,1711666895161,4,0.0
1711666895,2220.59,2220.8,0.0,0,1711666895393,134,0.0
1711666896,2220.58,2220.78,0.0,0,1711666896444,134,0.0
1711666896,2220.57,2220.78,0.0,0,1711666896852,130,0.0
1711666897,2220.49,2220.69,0.0,0,1711666897146,134,0.0
1711666897,2220.49,2220.7,0.0,0,1711666897471,4,0.0
1711666897,2220.49,2220.69,0.0,0,1711666897705,4,0.0
1711666899,2220.48,2220.69,0.0,0,1711666899061,130,0.0
1711666901,2220.49,2220.69,0.0,0,1711666901183,130,0.0
1711666902,2220.53,2220.74,0.0,0,1711666902591,134,0.0
1711666903,2220.54,2220.75,0.0,0,1711666903594,134,0.0
1711666903,2220.55,2220.75,0.0,0,1711666903750,130,0.0
1711666903,2220.55,2220.76,0.0,0,1711666903895,4,0.0
1711666904,2220.62,2220.82,0.0,0,1711666904076,134,0.0
1711666904,2220.62,2220.83,0.0,0,1711666904095,4,0.0
1711666904,2220.62,2220.82,0.0,0,1711666904708,4,0.0
1711666905,2220.63,2220.84,0.0,0,1711666905106,134,0.0
1711666905,2220.61,2220.81,0.0,0,1711666905806,134,0.0
1711666906,2220.59,2220.8,0.0,0,1711666906813,134,0.0
1711666907,2220.59,2220.79,0.0,0,1711666907682,4,0.0
1711666907,2220.52,2220.73,0.0,0,1711666907776,134,0.0
1711666910,2220.43,2220.64,0.0,0,1711666910877,134,0.0
1711666911,2220.44,2220.65,0.0,0,1711666911635,134,0.0
1711666911,2220.45,2220.66,0.0,0,1711666911741,134,0.0
1711666912,2220.49,2220.69,0.0,0,1711666912697,134,0.0
1711666913,2220.57,2220.77,0.0,0,1711666913028,134,0.0
1711666913,2220.58,2220.79,0.0,0,1711666913650,134,0.0
1711666914,2220.59,2220.79,0.0,0,1711666914149,130,0.0
1711666915,2220.53,2220.73,0.0,0,1711666915611,134,0.0
1711666915,2220.52,2220.72,0.0,0,1711666915862,134,0.0
1711666915,2220.52,2220.73,0.0,0,1711666915998,4,0.0
1711666916,2220.53,2220.73,0.0,0,1711666916821,130,0.0
1711666919,2220.54,2220.74,0.0,0,1711666919543,134,0.0
1711666919,2220.56,2220.77,0.0,0,1711666919786,134,0.0
1711666920,2220.58,2220.78,0.0,0,1711666920042,134,0.0
1711666920,2220.53,2220.74,0.0,0,1711666920339,134,0.0
1711666920,2220.54,2220.75,0.0,0,1711666920693,134,0.0
1711666921,2220.57,2220.78,0.0,0,1711666921102,134,0.0
1711666921,2220.61,2220.81,0.0,0,1711666921402,134,0.0
1711666921,2220.6,2220.8,0.0,0,1711666921650,134,0.0
1711666922,2220.61,2220.82,0.0,0,1711666922050,134,0.0
1711666922,2220.59,2220.79,0.0,0,1711666922402,134,0.0
1711666923,2220.64,2220.84,0.0,0,1711666923305,134,0.0
1711666923,2220.7,2220.9,0.0,0,1711666923583,134,0.0
1711666923,2220.72,2220.92,0.0,0,1711666923962,134,0.0
1711666924,2220.75,2220.96,0.0,0,1711666924244,134,0.0
1711666924,2220.77,2220.98,0.0,0,1711666924421,134,0.0
1711666924,2220.78,2220.99,0.0,0,1711666924765,134,0.0
1711666925,2220.79,2221.0,0.0,0,1711666925630,134,0.0
1711666927,2220.85,2221.05,0.0,0,1711666927138,134,0.0
1711666927,2220.85,2221.06,0.0,0,1711666927237,4,0.0
1711666927,2220.87,2221.08,0.0,0,1711666927546,134,0.0
1711666928,2220.89,2221.09,0.0,0,1711666928145,134,0.0
1711666928,2220.89,2221.1,0.0,0,1711666928698,4,0.0
1711666930,2220.89,2221.09,0.0,0,1711666930861,4,0.0
1711666931,2220.91,2221.12,0.0,0,1711666931172,134,0.0
1711666933,2220.94,2221.14,0.0,0,1711666933025,134,0.0
1711666933,2220.95,2221.15,0.0,0,1711666933639,134,0.0
1711666933,2220.93,2221.14,0.0,0,1711666933814,134,0.0
1711666941,2220.93,2221.13,0.0,0,1711666941081,4,0.0
1711666942,2220.93,2221.14,0.0,0,1711666942237,4,0.0
1711666942,2220.9,2221.11,0.0,0,1711666942390,134,0.0
1711666942,2220.8,2221.0,0.0,0,1711666942744,134,0.0
1711666943,2220.76,2220.97,0.0,0,1711666943051,134,0.0
1711666943,2220.8,2221.0,0.0,0,1711666943750,134,0.0
1711666944,2220.79,2221.0,0.0,0,1711666944051,130,0.0
1711666944,2220.83,2221.03,0.0,0,1711666944368,134,0.0
1711666945,2220.83,2221.04,0.0,0,1711666945002,4,0.0
1711666945,2220.83,2221.03,0.0,0,1711666945150,4,0.0
1711666946,2220.82,2221.03,0.0,0,1711666946111,130,0.0
1711666951,2220.83,2221.04,0.0,0,1711666951544,134,0.0
1711666951,2220.84,2221.04,0.0,0,1711666951649,130,0.0
1711666951,2220.87,2221.08,0.0,0,1711666951963,134,0.0
1711666952,2220.89,2221.1,0.0,0,1711666952905,134,0.0
1711666956,2220.83,2221.03,0.0,0,1711666956629,134,0.0
1711666959,2220.84,2221.04,0.0,0,1711666959200,134,0.0
1711666959,2220.84,2221.05,0.0,0,1711666959305,4,0.0
1711666959,2220.85,2221.05,0.0,0,1711666959550,130,0.0
1711666960,2220.89,2221.09,0.0,0,1711666960252,134,0.0
1711666960,2220.89,2221.1,0.0,0,1711666960541,4,0.0
1711666964,2220.83,2221.03,0.0,0,1711666964183,134,0.0
1711666965,2220.93,2221.13,0.0,0,1711666965284,134,0.0
1711666965,2220.92,2221.12,0.0,0,1711666965490,134,0.0
1711666966,2220.94,2221.15,0.0,0,1711666966400,134,0.0
1711666966,2220.81,2221.01,0.0,0,1711666966951,134,0.0
1711666968,2220.8,2221.0,0.0,0,1711666968103,134,0.0
1711666969,2220.79,2221.0,0.0,0,1711666969119,130,0.0
1711666970,2220.84,2221.04,0.0,0,1711666970118,134,0.0
1711666977,2220.84,2221.05,0.0,0,1711666977919,4,0.0
1711666978,2220.91,2221.11,0.0,0,1711666978031,134,0.0
1711666979,2220.94,2221.14,0.0,0,1711666979029,134,0.0
1711666982,2220.94,2221.15,0.0,0,1711666982704,134,0.0
1711666982,2220.95,2221.15,0.0,0,1711666982984,130,0.0
1711666983,2220.98,2221.18,0.0,0,1711666983105,134,0.0
1711666983,2221.0,2221.2,0.0,0,1711666983315,134,0.0
1711666984,2220.99,2221.2,0.0,0,1711666984106,130,0.0
1711666985,2220.99,2221.19,0.0,0,1711666985113,4,0.0
1711666988,2221.0,2221.19,0.0,0,1711666988039,130,0.0
1711666989,2221.04,2221.24,0.0,0,1711666989138,134,0.0
1711666990,2221.04,2221.23,0.0,0,1711666990146,4,0.0
1711666999,2220.95,2221.11,0.0,0,1711666999064,134,0.0
1711667007,2220.96,2221.14,0.0,0,1711667007256,134,0.0
1711667007,2220.99,2221.17,0.0,0,1711667007399,134,0.0
1711667008,2220.99,2221.19,0.0,0,1711667008270,4,0.0
1711667011,2221.04,2221.21,0.0,0,1711667011890,134,0.0
1711667012,2221.02,2221.2,0.0,0,1711667012017,134,0.0
1711667012,2221.01,2221.19,0.0,0,1711667012945,134,0.0
1711667013,2221.01,2221.18,0.0,0,1711667013547,4,0.0
1711667014,2220.92,2221.09,0.0,0,1711667014560,134,0.0
1711667015,2220.9,2221.1,0.0,0,1711667015259,134,0.0
1711667016,2220.89,2221.1,0.0,0,1711667016119,130,0.0
1711667019,2220.74,2220.93,0.0,0,1711667019236,134,0.0
1711667019,2220.69,2220.88,0.0,0,1711667019334,134,0.0
1711667019,2220.7,2220.89,0.0,0,1711667019604,134,0.0
1711667020,2220.71,2220.91,0.0,0,1711667020248,134,0.0
1711667021,2220.7,2220.91,0.0,0,1711667021254,130,0.0
1711667026,2220.74,2220.94,0.0,0,1711667026280,134,0.0
1711667031,2220.75,2220.96,0.0,0,1711667031669,134,0.0
1711667031,2220.72,2220.92,0.0,0,1711667031821,134,0.0
1711667032,2220.72,2220.93,0.0,0,1711667032924,4,0.0
1711667033,2220.71,2220.91,0.0,0,1711667033830,134,0.0
1711667035,2220.69,2220.9,0.0,0,1711667035143,134,0.0
1711667035,2220.71,2220.91,0.0,0,1711667035450,134,0.0
1711667036,2220.72,2220.92,0.0,0,1711667036047,134,0.0
1711667041,2220.75,2220.95,0.0,0,1711667041783,134,0.0
1711667042,2220.82,2221.02,0.0,0,1711667042054,134,0.0
1711667042,2220.8,2221.01,0.0,0,1711667042086,134,0.0
1711667042,2220.81,2221.02,0.0,0,1711667042379,134,0.0
1711667043,2220.82,2221.03,0.0,0,1711667043296,134,0.0
1711667044,2220.84,2221.04,0.0,0,1711667044859,134,0.0
1711667045,2220.91,2221.11,0.0,0,1711667045021,134,0.0
1711667045,2220.9,2221.1,0.0,0,1711667045051,134,0.0
1711667045,2220.92,2221.13,0.0,0,1711667045909,134,0.0
1711667048,2220.98,2221.18,0.0,0,1711667048033,134,0.0
1711667048,2220.99,2221.2,0.0,0,1711667048321,134,0.0
1711667049,2221.02,2221.23,0.0,0,1711667049031,134,0.0
1711667053,2221.03,2221.23,0.0,0,1711667053822,130,0.0
1711667055,2221.04,2221.24,0.0,0,1711667055832,134,0.0
1711667056,2221.05,2221.24,0.0,0,1711667056128,130,0.0
1711667056,2221.05,2221.25,0.0,0,1711667056240,4,0.0
1711667056,2221.07,2221.27,0.0,0,1711667056431,134,0.0
1711667056,2221.08,2221.27,0.0,0,1711667056578,130,0.0
1711667056,2221.08,2221.28,0.0,0,1711667056901,4,0.0
1711667058,2221.09,2221.28,0.0,0,1711667058090,130,0.0
1711667064,2221.15,2221.32,0.0,0,1711667064438,134,0.0
1711667082,2220.97,2221.09,0.0,0,1711667082410,134,0.0
1711667082,2220.96,2221.07,0.0,0,1711667082639,134,0.0
1711667083,2220.89,2221.1,0.0,0,1711667083409,134,0.0
1711667084,2220.88,2221.09,0.0,0,1711667084369,134,0.0
1711667088,2220.93,2221.14,0.0,0,1711667088085,134,0.0
1711667090,2220.92,2221.13,0.0,0,1711667090152,134,0.0
1711667091,2220.91,2221.12,0.0,0,1711667091709,134,0.0
1711667100,2220.99,2221.19,0.0,0,1711667100112,134,0.0
1711667100,2221.0,2221.21,0.0,0,1711667100360,134,0.0
1711667100,2220.98,2221.18,0.0,0,1711667100464,134,0.0
1711667100,2220.89,2221.1,0.0,0,1711667100786,134,0.0
1711667101,2220.8,2221.0,0.0,0,1711667101065,134,0.0
1711667102,2220.81,2221.01,0.0,0,1711667102329,134,0.0
1711667106,2220.59,2220.79,0.0,0,1711667106965,134,0.0
1711667107,2220.51,2220.72,0.0,0,1711667107069,134,0.0
1711667107,2220.49,2220.69,0.0,0,1711667107396,134,0.0
1711667107,2220.48,2220.68,0.0,0,1711667107408,134,0.0
1711667108,2220.47,2220.67,0.0,0,1711667108467,134,0.0
1711667110,2220.4,2220.6,0.0,0,1711667110326,134,0.0
1711667110,2220.41,2220.62,0.0,0,1711667110424,134,0.0
1711667110,2220.42,2220.62,0.0,0,1711667110692,130,0.0
1711667111,2220.46,2220.66,0.0,0,1711667111391,134,0.0
1711667111,2220.46,2220.67,0.0,0,1711667111688,4,0.0
1711667114,2220.58,2220.78,0.0,0,1711667114962,134,0.0
1711667115,2220.72,2220.93,0.0,0,1711667115058,134,0.0
1711667115,2220.73,2220.94,0.0,0,1711667115459,134,0.0
1711667116,2220.74,2220.94,0.0,0,1711667116061,130,0.0
1711667116,2220.77,2220.97,0.0,0,1711667116298,134,0.0
1711667117,2220.77,2220.98,0.0,0,1711667117275,4,0.0
1711667118,2220.77,2220.97,0.0,0,1711667118277,4,0.0
1711667119,2220.76,2220.97,0.0,0,1711667119389,130,0.0
1711667122,2220.7,2220.91,0.0,0,1711667122503,134,0.0
1711667122,2220.71,2220.92,0.0,0,1711667122609,134,0.0
1711667122,2220.72,2220.92,0.0,0,1711667122961,130,0.0
1711667123,2220.75,2220.95,0.0,0,1711667123368,134,0.0
1711667124,2220.76,2220.97,0.0,0,1711667124374,134,0.0
1711667139,2220.81,2221.02,0.0,0,1711667139420,134,0.0
1711667143,2220.82,2221.03,0.0,0,1711667143992,134,0.0
1711667144,2220.9,2221.1,0.0,0,1711667144093,134,0.0
1711667145,2220.91,2221.12,0.0,0,1711667145359,134,0.0
1711667146,2220.91,2221.11,0.0,0,1711667146175,4,0.0
1711667146,2220.9,2221.11,0.0,0,1711667146336,130,0.0
1711667146,2220.91,2221.12,0.0,0,1711667146382,134,0.0
1711667160,2220.91,2221.09,0.0,0,1711667160265,134,0.0
1711667160,2220.91,2221.1,0.0,0,1711667160709,4,0.0
1711667161,2220.93,2221.1,0.0,0,1711667161562,130,0.0
1711667174,2220.97,2221.09,0.0,0,1711667174710,134,0.0
1711667182,2220.95,2221.07,0.0,0,1711667182806,134,0.0
1711667182,2220.69,2220.81,0.0,0,1711667182959,134,0.0
1711667183,2220.64,2220.84,0.0,0,1711667183509,134,0.0
1711667184,2220.62,2220.82,0.0,0,1711667184511,134,0.0
1711667185,2220.62,2220.83,0.0,0,1711667185164,4,0.0
1711667186,2220.57,2220.78,0.0,0,1711667186178,134,0.0
1711667186,2220.62,2220.83,0.0,0,1711667186273,134,0.0
1711667188,2220.51,2220.71,0.0,0,1711667188143,134,0.0
1711667188,2220.41,2220.62,0.0,0,1711667188239,134,0.0
1711667188,2220.33,2220.53,0.0,0,1711667188564,134,0.0
1711667188,2220.39,2220.59,0.0,0,1711667188586,134,0.0
1711667188,2220.39,2220.6,0.0,0,1711667188896,4,0.0
1711667189,2220.39,2220.59,0.0,0,1711667189495,4,0.0
1711667190,2220.36,2220.57,0.0,0,1711667190598,134,0.0
1711667191,2220.31,2220.52,0.0,0,1711667191255,134,0.0
1711667198,2220.36,2220.56,0.0,0,1711667198652,134,0.0
1711667199,2220.31,2220.51,0.0,0,1711667199260,134,0.0
1711667201,2220.31,2220.52,0.0,0,1711667201930,4,0.0
1711667202,2220.34,2220.54,0.0,0,1711667202179,134,0.0
1711667202,2220.35,2220.56,0.0,0,1711667202530,134,0.0
1711667203,2220.36,2220.56,0.0,0,1711667203584,130,0.0
1711667205,2220.29,2220.5,0.0,0,1711667205644,134,0.0
1711667206,2220.27,2220.48,0.0,0,1711667206150,134,0.0
1711667206,2220.29,2220.49,0.0,0,1711667206385,134,0.0
1711667206,2220.31,2220.51,0.0,0,1711667206448,134,0.0
1711667206,2220.28,2220.49,0.0,0,1711667206713,134,0.0
1711667207,2220.3,2220.51,0.0,0,1711667207060,134,0.0
1711667207,2220.26,2220.46,0.0,0,1711667207377,134,0.0
1711667207,2220.25,2220.46,0.0,0,1711667207459,130,0.0
1711667207,2220.4,2220.6,0.0,0,1711667207718,134,0.0
1711667208,2220.42,2220.62,0.0,0,1711667208718,134,0.0
1711667209,2220.4,2220.6,0.0,0,1711667209030,134,0.0
1711667209,2220.4,2220.61,0.0,0,1711667209879,4,0.0
1711667210,2220.41,2220.62,0.0,0,1711667210727,134,0.0
1711667211,2220.43,2220.63,0.0,0,1711667211002,134,0.0
1711667212,2220.45,2220.66,0.0,0,1711667212086,134,0.0
1711667219,2220.34,2220.54,0.0,0,1711667219837,134,0.0
1711667219,2220.33,2220.53,0.0,0,1711667219933,134,0.0
1711667220,2220.34,2220.55,0.0,0,1711667220248,134,0.0
1711667220,2220.34,2220.54,0.0,0,1711667220339,4,0.0
1711667220,2220.34,2220.55,0.0,0,1711667220578,4,0.0
1711667221,2220.34,2220.54,0.0,0,1711667221098,4,0.0
1711667221,2220.35,2220.56,0.0,0,1711667221242,134,0.0
1711667221,2220.36,2220.56,0.0,0,1711667221853,130,0.0
1711667222,2220.41,2220.62,0.0,0,1711667222048,134,0.0
1711667222,2220.42,2220.62,0.0,0,1711667222302,130,0.0
1711667222,2220.41,2220.62,0.0,0,1711667222561,130,0.0
1711667222,2220.42,2220.62,0.0,0,1711667222657,130,0.0
1711667223,2220.45,2220.66,0.0,0,1711667223059,134,0.0
1711667224,2220.46,2220.66,0.0,0,1711667224018,130,0.0
1711667226,2220.47,2220.67,0.0,0,1711667226929,134,0.0
1711667227,2220.46,2220.66,0.0,0,1711667227689,134,0.0
1711667229,2220.45,2220.66,0.0,0,1711667229948,130,0.0
1711667231,2220.38,2220.59,0.0,0,1711667231255,134,0.0
1711667231,2220.39,2220.6,0.0,0,1711667231470,134,0.0
1711667231,2220.32,2220.52,0.0,0,1711667231857,134,0.0
1711667232,2220.34,2220.55,0.0,0,1711667232362,134,0.0
1711667232,2220.35,2220.55,0.0,0,1711667232720,130,0.0
1711667233,2220.4,2220.6,0.0,0,1711667233022,134,0.0
1711667233,2220.22,2220.43,0.0,0,1711667233478,134,0.0
1711667233,2220.19,2220.39,0.0,0,1711667233780,134,0.0
1711667233,2220.19,2220.4,0.0,0,1711667233927,4,0.0
1711667234,2220.18,2220.38,0.0,0,1711667234108,134,0.0
1711667235,2220.15,2220.36,0.0,0,1711667235078,134,0.0
1711667236,2220.26,2220.46,0.0,0,1711667236394,134,0.0
1711667236,2220.26,2220.47,0.0,0,1711667236648,4,0.0
1711667236,2220.41,2220.61,0.0,0,1711667236753,134,0.0
1711667236,2220.4,2220.61,0.0,0,1711667236846,130,0.0
1711667237,2220.42,2220.63,0.0,0,1711667237078,134,0.0
1711667237,2220.43,2220.64,0.0,0,1711667237396,134,0.0
1711667237,2220.4,2220.6,0.0,0,1711667237752,134,0.0
1711667245,2220.41,2220.62,0.0,0,1711667245958,134,0.0
1711667246,2220.4,2220.6,0.0,0,1711667246106,134,0.0
1711667246,2220.38,2220.59,0.0,0,1711667246409,134,0.0
1711667247,2220.36,2220.56,0.0,0,1711667247111,134,0.0
1711667247,2220.35,2220.56,0.0,0,1711667247519,130,0.0
1711667253,2220.3,2220.51,0.0,0,1711667253214,134,0.0
1711667256,2220.33,2220.53,0.0,0,1711667256375,134,0.0
1711667256,2220.34,2220.54,0.0,0,1711667256548,134,0.0
1711667257,2220.35,2220.56,0.0,0,1711667257481,134,0.0
1711667260,2220.3,2220.51,0.0,0,1711667260308,134,0.0
1711667270,2220.38,2220.57,0.0,0,1711667270465,134,0.0
1711667270,2220.35,2220.55,0.0,0,1711667270734,134,0.0
1711667271,2220.36,2220.56,0.0,0,1711667271576,134,0.0
1711667271,2220.36,2220.55,0.0,0,1711667271824,4,0.0
1711667279,2220.41,2220.58,0.0,0,1711667279831,134,0.0
1711667280,2220.47,2220.63,0.0,0,1711667280132,134,0.0
1711667280,2220.47,2220.64,0.0,0,1711667280309,4,0.0
1711667280,2220.48,2220.64,0.0,0,1711667280439,130,0.0
1711667280,2220.47,2220.63,0.0,0,1711667280938,134,0.0
1711667281,2220.45,2220.65,0.0,0,1711667281344,134,0.0
1711667286,2220.57,2220.76,0.0,0,1711667286523,134,0.0
1711667287,2220.59,2220.78,0.0,0,1711667287082,134,0.0
1711667287,2220.6,2220.78,0.0,0,1711667287788,130,0.0
1711667287,2220.59,2220.78,0.0,0,1711667287899,130,0.0
1711667288,2220.58,2220.79,0.0,0,1711667288289,134,0.0
1711667288,2220.74,2220.94,0.0,0,1711667288558,134,0.0
1711667288,2220.77,2220.98,0.0,0,1711667288893,134,0.0
1711667304,2220.77,2220.97,0.0,0,1711667304148,4,0.0
1711667304,2220.84,2221.05,0.0,0,1711667304395,134,0.0
1711667308,2220.92,2221.12,0.0,0,1711667308219,134,0.0
1711667308,2220.91,2221.12,0.0,0,1711667308360,130,0.0
1711667308,2220.89,2221.1,0.0,0,1711667308471,134,0.0
1711667308,2220.88,2221.09,0.0,0,1711667308695,134,0.0
1711667308,2220.95,2221.15,0.0,0,1711667308822,134,0.0
1711667310,2220.94,2221.15,0.0,0,1711667310338,130,0.0
1711667314,2221.04,2221.25,0.0,0,1711667314519,134,0.0
1711667316,2221.03,2221.24,0.0,0,1711667316376,134,0.0
1711667317,2220.98,2221.19,0.0,0,1711667317330,134,0.0
1711667318,2220.98,2221.18,0.0,0,1711667318338,4,0.0
1711667320,2221.04,2221.24,0.0,0,1711667320559,134,0.0
1711667321,2221.03,2221.24,0.0,0,1711667321810,130,0.0
1711667322,2221.06,2221.27,0.0,0,1711667322020,134,0.0
1711667322,2221.05,2221.25,0.0,0,1711667322218,134,0.0
1711667322,2221.04,2221.25,0.0,0,1711667322369,130,0.0
1711667340,2221.02,2221.17,0.0,0,1711667340084,134,0.0
1711667340,2221.04,2221.19,0.0,0,1711667340368,134,0.0
1711667340,2221.06,2221.2,0.0,0,1711667340694,134,0.0
1711667340,2221.07,2221.22,0.0,0,1711667340839,134,0.0
1711667341,2221.09,2221.22,0.0,0,1711667341441,130,0.0
1711667342,2221.08,2221.22,0.0,0,1711667342301,130,0.0
1711667344,2221.1,2221.23,0.0,0,1711667344063,134,0.0
1711667352,2221.17,2221.28,0.0,0,1711667352768,134,0.0
1711667352,2221.16,2221.28,0.0,0,1711667352902,130,0.0
1711667352,2221.15,2221.26,0.0,0,1711667352914,134,0.0
1711667353,2221.14,2221.25,0.0,0,1711667353239,134,0.0
1711667353,2221.12,2221.24,0.0,0,1711667353424,134,0.0
1711667354,2221.11,2221.23,0.0,0,1711667354128,134,0.0
1711667357,2221.12,2221.24,0.0,0,1711667357347,134,0.0
1711667359,2221.11,2221.23,0.0,0,1711667359257,134,0.0
1711667359,2221.12,2221.24,0.0,0,1711667359660,134,0.0
1711667362,2221.13,2221.25,0.0,0,1711667362275,134,0.0
1711667364,2221.28,2221.4,0.0,0,1711667364438,134,0.0
1711667364,2221.26,2221.38,0.0,0,1711667364489,134,0.0
1711667364,2221.24,2221.36,0.0,0,1711667364781,134,0.0
1711667364,2221.29,2221.4,0.0,0,1711667364937,134,0.0
1711667372,2221.24,2221.42,0.0,0,1711667372190,134,0.0
1711667372,2221.23,2221.42,0.0,0,1711667372379,130,0.0
1711667372,2221.23,2221.41,0.0,0,1711667372398,4,0.0
1711667372,2221.22,2221.41,0.0,0,1711667372708,130,0.0
1711667372,2221.21,2221.4,0.0,0,1711667372747,134,0.0
1711667373,2221.21,2221.38,0.0,0,1711667373709,4,0.0
1711667379,2221.27,2221.43,0.0,0,1711667379337,134,0.0
1711667379,2221.33,2221.48,0.0,0,1711667379641,134,0.0
1711667379,2221.31,2221.47,0.0,0,1711667379738,134,0.0
1711667380,2221.26,2221.46,0.0,0,1711667380746,134,0.0
1711667385,2221.21,2221.41,0.0,0,1711667385226,134,0.0
1711667385,2221.2,2221.4,0.0,0,1711667385328,134,0.0
1711667385,2221.19,2221.39,0.0,0,1711667385578,134,0.0
1711667385,2221.18,2221.38,0.0,0,1711667385987,134,0.0
1711667386,2221.16,2221.36,0.0,0,1711667386240,134,0.0
1711667387,2221.15,2221.36,0.0,0,1711667387043,130,0.0
1711667391,2221.17,2221.36,0.0,0,1711667391769,130,0.0
1711667391,2221.18,2221.37,0.0,0,1711667391871,134,0.0
1711667395,2221.17,2221.34,0.0,0,1711667395144,134,0.0
1711667396,2221.14,2221.32,0.0,0,1711667396912,134,0.0
1711667397,2221.13,2221.31,0.0,0,1711667397128,134,0.0
1711667397,2221.13,2221.3,0.0,0,1711667397305,4,0.0
1711667398,2221.09,2221.26,0.0,0,1711667398018,134,0.0
1711667400,2221.15,2221.35,0.0,0,1711667400229,134,0.0
1711667400,2221.17,2221.38,0.0,0,1711667400477,134,0.0
1711667401,2221.17,2221.37,0.0,0,1711667401634,4,0.0
1711667402,2221.17,2221.38,0.0,0,1711667402039,4,0.0
1711667407,2221.17,2221.37,0.0,0,1711667407122,4,0.0
1711667407,2221.17,2221.38,0.0,0,1711667407529,4,0.0
1711667411,2221.17,2221.37,0.0,0,1711667411048,4,0.0
1711667420,2221.26,2221.44,0.0,0,1711667420313,134,0.0
1711667420,2221.25,2221.43,0.0,0,1711667420662,134,0.0
1711667420,2221.24,2221.43,0.0,0,1711667420882,130,0.0
1711667420,2221.21,2221.39,0.0,0,1711667420913,134,0.0
1711667421,2221.26,2221.44,0.0,0,1711667421218,134,0.0
1711667445,2221.29,2221.4,0.0,0,1711667445228,134,0.0
1711667445,2221.27,2221.38,0.0,0,1711667445307,134,0.0
1711667446,2221.22,2221.34,0.0,0,1711667446281,134,0.0
1711667447,2221.19,2221.36,0.0,0,1711667447229,134,0.0
1711667448,2221.23,2221.38,0.0,0,1711667448592,134,0.0
1711667448,2221.29,2221.45,0.0,0,1711667448701,134,0.0
1711667448,2221.24,2221.39,0.0,0,1711667448933,134,0.0
1711667449,2221.2,2221.38,0.0,0,1711667449046,134,0.0
1711667449,2221.18,2221.35,0.0,0,1711667449453,134,0.0
1711667449,2221.18,2221.36,0.0,0,1711667449607,4,0.0
1711667450,2221.17,2221.36,0.0,0,1711667450611,130,0.0
1711667454,2221.19,2221.36,0.0,0,1711667454479,130,0.0
1711667454,2221.27,2221.44,0.0,0,1711667454684,134,0.0
1711667462,2221.27,2221.47,0.0,0,1711667462068,134,0.0
1711667462,2221.27,2221.48,0.0,0,1711667462382,4,0.0
1711667466,2221.29,2221.48,0.0,0,1711667466657,130,0.0
1711667471,2221.29,2221.46,0.0,0,1711667471691,4,0.0
1711667477,2221.25,2221.4,0.0,0,1711667477129,134,0.0
1711667477,2221.23,2221.37,0.0,0,1711667477328,134,0.0
1711667477,2221.21,2221.36,0.0,0,1711667477646,134,0.0
1711667478,2221.17,2221.38,0.0,0,1711667478637,134,0.0
1711667483,2221.12,2221.32,0.0,0,1711667483368,134,0.0
1711667483,2221.13,2221.33,0.0,0,1711667483583,134,0.0
1711667483,2221.15,2221.36,0.0,0,1711667483677,134,0.0
1711667496,2221.2,2221.35,0.0,0,1711667496960,134,0.0
1711667497,2221.21,2221.35,0.0,0,1711667497117,130,0.0
1711667499,2221.28,2221.42,0.0,0,1711667499730,134,0.0
1711667501,2221.25,2221.44,0.0,0,1711667501238,134,0.0
1711667503,2221.27,2221.45,0.0,0,1711667503205,134,0.0
1711667503,2221.28,2221.46,0.0,0,1711667503656,134,0.0
1711667504,2221.25,2221.45,0.0,0,1711667504508,134,0.0
1711667519,2221.28,2221.4,0.0,0,1711667519809,134,0.0
1711667519,2221.27,2221.4,0.0,0,1711667519888,130,0.0
1711667520,2221.28,2221.41,0.0,0,1711667520615,134,0.0
1711667521,2221.29,2221.42,0.0,0,1711667521268,134,0.0
1711667527,2221.29,2221.41,0.0,0,1711667527109,4,0.0
1711667532,2221.29,2221.4,0.0,0,1711667532087,4,0.0
1711667538,2221.27,2221.38,0.0,0,1711667538069,134,0.0
1711667538,2221.24,2221.36,0.0,0,1711667538368,134,0.0
1711667538,2221.3,2221.41,0.0,0,1711667538988,134,0.0
1711667544,2221.25,2221.41,0.0,0,1711667544976,130,0.0
1711667545,2221.2,2221.37,0.0,0,1711667545975,134,0.0
1711667546,2221.27,2221.43,0.0,0,1711667546287,134,0.0
1711667546,2221.2,2221.36,0.0,0,1711667546886,134,0.0
1711667547,2221.27,2221.46,0.0,0,1711667547386,134,0.0
1711667547,2221.26,2221.45,0.0,0,1711667547608,134,0.0
1711667547,2221.26,2221.44,0.0,0,1711667547788,4,0.0
1711667559,2221.27,2221.45,0.0,0,1711667559121,134,0.0
1711667559,2221.28,2221.45,0.0,0,1711667559215,130,0.0
1711667560,2221.29,2221.46,0.0,0,1711667560775,134,0.0
1711667572,2221.38,2221.5,0.0,0,1711667572661,134,0.0
1711667573,2221.28,2221.47,0.0,0,1711667573412,134,0.0
1711667575,2221.28,2221.48,0.0,0,1711667575169,4,0.0
1711667579,2221.29,2221.48,0.0,0,1711667579101,130,0.0
1711667579,2221.37,2221.57,0.0,0,1711667579281,134,0.0
1711667579,2221.36,2221.55,0.0,0,1711667579999,134,0.0
1711667580,2221.34,2221.55,0.0,0,1711667580271,130,0.0
1711667586,2221.35,2221.55,0.0,0,1711667586796,130,0.0
1711667598,2221.36,2221.52,0.0,0,1711667598578,134,0.0
1711667598,2221.37,2221.53,0.0,0,1711667598779,134,0.0
1711667603,2221.4,2221.52,0.0,0,1711667603153,134,0.0
1711667603,2221.38,2221.51,0.0,0,1711667603370,134,0.0
1711667607,2221.38,2221.49,0.0,0,1711667607631,4,0.0
1711667607,2221.37,2221.49,0.0,0,1711667607682,130,0.0
1711667607,2221.35,2221.46,0.0,0,1711667607991,134,0.0
1711667608,2221.34,2221.46,0.0,0,1711667608033,130,0.0
1711667608,2221.38,2221.5,0.0,0,1711667608318,134,0.0
1711667609,2221.41,2221.52,0.0,0,1711667609747,134,0.0
1711667609,2221.42,2221.54,0.0,0,1711667609975,134,0.0
1711667611,2221.46,2221.6,0.0,0,1711667611063,134,0.0
1711667618,2221.44,2221.59,0.0,0,1711667618158,134,0.0
1711667618,2221.39,2221.55,0.0,0,1711667618312,134,0.0
1711667619,2221.37,2221.56,0.0,0,1711667619411,134,0.0
1711667619,2221.43,2221.62,0.0,0,1711667619964,134,0.0
1711667620,2221.43,2221.63,0.0,0,1711667620199,4,0.0
1711667620,2221.44,2221.65,0.0,0,1711667620223,134,0.0
1711667628,2221.43,2221.62,0.0,0,1711667628023,134,0.0
1711667628,2221.4,2221.58,0.0,0,1711667628478,134,0.0
1711667629,2221.39,2221.57,0.0,0,1711667629025,134,0.0
1711667629,2221.38,2221.57,0.0,0,1711667629479,130,0.0
1711667629,2221.44,2221.64,0.0,0,1711667629828,134,0.0
1711667636,2221.43,2221.63,0.0,0,1711667636627,134,0.0
1711667640,2221.43,2221.61,0.0,0,1711667640297,134,0.0
1711667640,2221.38,2221.56,0.0,0,1711667640907,134,0.0
1711667641,2221.36,2221.56,0.0,0,1711667641913,130,0.0
1711667656,2221.46,2221.61,0.0,0,1711667656457,134,0.0
1711667656,2221.48,2221.62,0.0,0,1711667656832,134,0.0
1711667656,2221.57,2221.71,0.0,0,1711667656958,134,0.0
1711667662,2221.56,2221.77,0.0,0,1711667662000,134,0.0
1711667666,2221.62,2221.83,0.0,0,1711667666219,134,0.0
1711667666,2221.63,2221.83,0.0,0,1711667666400,130,0.0
1711667675,2221.62,2221.82,0.0,0,1711667675127,134,0.0
1711667676,2221.6,2221.81,0.0,0,1711667676131,134,0.0
1711667676,2221.57,2221.77,0.0,0,1711667676479,134,0.0
1711667677,2221.55,2221.76,0.0,0,1711667677480,134,0.0
1711667678,2221.6,2221.81,0.0,0,1711667678050,134,0.0
1711667678,2221.62,2221.82,0.0,0,1711667678280,134,0.0
1711667681,2221.56,2221.77,0.0,0,1711667681117,134,0.0
1711667682,2221.55,2221.76,0.0,0,1711667682127,134,0.0
1711667683,2221.62,2221.82,0.0,0,1711667683127,134,0.0
1711667688,2221.61,2221.81,0.0,0,1711667688967,134,0.0
1711667693,2221.42,2221.63,0.0,0,1711667693299,134,0.0
1711667693,2221.41,2221.61,0.0,0,1711667693465,134,0.0
1711667693,2221.39,2221.6,0.0,0,1711667693752,134,0.0
1711667693,2221.38,2221.58,0.0,0,1711667693908,134,0.0
1711667694,2221.36,2221.56,0.0,0,1711667694454,134,0.0
1711667694,2221.42,2221.62,0.0,0,1711667694785,134,0.0
1711667698,2221.4,2221.61,0.0,0,1711667698173,134,0.0
1711667698,2221.37,2221.58,0.0,0,1711667698480,134,0.0
1711667699,2221.36,2221.56,0.0,0,1711667699125,134,0.0
1711667699,2221.31,2221.52,0.0,0,1711667699484,134,0.0
1711667699,2221.3,2221.51,0.0,0,1711667699737,134,0.0
1711667701,2221.29,2221.49,0.0,0,1711667701159,134,0.0
1711667701,2221.26,2221.46,0.0,0,1711667701901,134,0.0
1711667702,2221.12,2221.33,0.0,0,1711667702606,134,0.0
1711667702,2221.14,2221.34,0.0,0,1711667702706,134,0.0
1711667703,2221.11,2221.32,0.0,0,1711667703817,134,0.0
1711667719,2221.04,2221.24,0.0,0,1711667719116,134,0.0
1711667719,2221.03,2221.23,0.0,0,1711667719217,134,0.0
1711667719,2221.0,2221.21,0.0,0,1711667719718,134,0.0
1711667719,2220.93,2221.14,0.0,0,1711667719860,134,0.0
1711667720,2220.93,2221.13,0.0,0,1711667720123,4,0.0
1711667721,2220.91,2221.12,0.0,0,1711667721228,134,0.0
1711667724,2220.9,2221.1,0.0,0,1711667724049,134,0.0
1711667724,2220.89,2221.09,0.0,0,1711667724149,134,0.0
1711667724,2220.89,2221.1,0.0,0,1711667724249,4,0.0
1711667724,2220.87,2221.08,0.0,0,1711667724480,134,0.0
1711667725,2220.8,2221.01,0.0,0,1711667725350,134,0.0
1711667730,2220.81,2221.02,0.0,0,1711667730343,134,0.0
1711667731,2220.8,2221.01,0.0,0,1711667731298,134,0.0
1711667740,2220.81,2221.02,0.0,0,1711667740753,134,0.0
1711667740,2220.82,2221.03,0.0,0,1711667740977,134,0.0
1711667741,2220.85,2221.05,0.0,0,1711667741808,134,0.0
1711667741,2220.85,2221.06,0.0,0,1711667741970,4,0.0
1711667742,2220.81,2221.01,0.0,0,1711667742616,134,0.0
1711667742,2220.8,2221.01,0.0,0,1711667742718,130,0.0
1711667749,2220.82,2221.02,0.0,0,1711667749709,134,0.0
1711667749,2220.8,2221.01,0.0,0,1711667749888,134,0.0
1711667765,2220.79,2220.93,0.0,0,1711667765614,134,0.0
1711667765,2220.74,2220.87,0.0,0,1711667765737,134,0.0
1711667765,2220.67,2220.81,0.0,0,1711667765766,134,0.0
1711667766,2220.62,2220.82,0.0,0,1711667766667,134,0.0
1711667768,2220.62,2220.83,0.0,0,1711667768888,4,0.0
1711667769,2220.64,2220.85,0.0,0,1711667769185,134,0.0
1711667770,2220.66,2220.87,0.0,0,1711667770191,134,0.0
1711667770,2220.5,2220.7,0.0,0,1711667770348,134,0.0
1711667770,2220.49,2220.7,0.0,0,1711667770389,130,0.0
1711667771,2220.39,2220.6,0.0,0,1711667771297,134,0.0
1711667779,2220.41,2220.61,0.0,0,1711667779646,134,0.0
1711667780,2220.45,2220.66,0.0,0,1711667780652,134,0.0
1711667781,2220.46,2220.66,0.0,0,1711667781659,130,0.0
1711667783,2220.47,2220.67,0.0,0,1711667783224,134,0.0
1711667783,2220.46,2220.66,0.0,0,1711667783550,134,0.0
1711667784,2220.45,2220.66,0.0,0,1711667784677,130,0.0
1711667787,2220.38,2220.58,0.0,0,1711667787192,134,0.0
1711667787,2220.29,2220.5,0.0,0,1711667787511,134,0.0
1711667797,2220.3,2220.5,0.0,0,1711667797409,130,0.0
1711667800,2220.31,2220.52,0.0,0,1711667800840,134,0.0
1711667801,2220.36,2220.56,0.0,0,1711667801844,134,0.0
1711667802,2220.36,2220.57,0.0,0,1711667802852,4,0.0
1711667808,2220.29,2220.49,0.0,0,1711667808038,134,0.0
1711667814,2220.28,2220.48,0.0,0,1711667814686,134,0.0
1711667815,2220.28,2220.49,0.0,0,1711667815686,4,0.0
1711667819,2220.26,2220.47,0.0,0,1711667819364,134,0.0
1711667819,2220.26,2220.46,0.0,0,1711667819528,4,0.0
1711667827,2220.28,2220.45,0.0,0,1711667827112,134,0.0
1711667844,2220.33,2220.45,0.0,0,1711667844977,130,0.0
1711667845,2220.34,2220.46,0.0,0,1711667845267,134,0.0
1711667845,2220.36,2220.47,0.0,0,1711667845339,134,0.0
1711667845,2220.41,2220.53,0.0,0,1711667845591,134,0.0
1711667846,2220.37,2220.56,0.0,0,1711667846596,134,0.0
1711667846,2220.39,2220.57,0.0,0,1711667846922,134,0.0
1711667865,2220.34,2220.46,0.0,0,1711667865062,134,0.0
1711667865,2220.33,2220.45,0.0,0,1711667865389,134,0.0
1711667866,2220.31,2220.51,0.0,0,1711667866377,134,0.0
1711667866,2220.33,2220.54,0.0,0,1711667866478,134,0.0
1711667867,2220.27,2220.47,0.0,0,1711667867127,134,0.0
1711667868,2220.26,2220.47,0.0,0,1711667868228,130,0.0
1711667869,2220.17,2220.38,0.0,0,1711667869647,134,0.0
1711667869,2220.19,2220.39,0.0,0,1711667869843,134,0.0
1711667874,2220.17,2220.37,0.0,0,1711667874117,134,0.0
1711667875,2220.16,2220.37,0.0,0,1711667875988,130,0.0
1711667880,2220.2,2220.4,0.0,0,1711667880158,134,0.0
1711667883,2220.19,2220.38,0.0,0,1711667883078,134,0.0
1711667883,2220.18,2220.37,0.0,0,1711667883207,134,0.0
1711667884,2220.17,2220.36,0.0,0,1711667884389,134,0.0
1711667884,2220.2,2220.39,0.0,0,1711667884737,134,0.0
1711667885,2220.21,2220.4,0.0,0,1711667885330,134,0.0
1711667885,2220.22,2220.41,0.0,0,1711667885516,134,0.0
1711667885,2220.24,2220.43,0.0,0,1711667885546,134,0.0
1711667885,2220.25,2220.45,0.0,0,1711667885848,134,0.0
1711667886,2220.26,2220.47,0.0,0,1711667886757,134,0.0
1711667887,2220.31,2220.51,0.0,0,1711667887103,134,0.0
1711667887,2220.34,2220.54,0.0,0,1711667887206,134,0.0
1711667887,2220.35,2220.56,0.0,0,1711667887499,134,0.0
1711667887,2220.37,2220.57,0.0,0,1711667887610,134,0.0
1711667888,2220.38,2220.58,0.0,0,1711667888318,134,0.0
1711667890,2220.36,2220.56,0.0,0,1711667890125,134,0.0
1711667892,2220.36,2220.57,0.0,0,1711667892142,4,0.0
1711667894,2220.28,2220.49,0.0,0,1711667894457,134,0.0
1711667894,2220.28,2220.48,0.0,0,1711667894764,4,0.0
1711667898,2220.26,2220.47,0.0,0,1711667898129,134,0.0
1711667902,2220.27,2220.47,0.0,0,1711667902158,130,0.0
1711667903,2220.26,2220.47,0.0,0,1711667903716,130,0.0
1711667905,2220.3,2220.5,0.0,0,1711667905272,134,0.0
1711667908,2220.27,2220.48,0.0,0,1711667908092,134,0.0
1711667909,2220.27,2220.47,0.0,0,1711667909108,4,0.0
1711667909,2220.26,2220.47,0.0,0,1711667909758,130,0.0
1711667914,2220.33,2220.51,0.0,0,1711667914788,134,0.0
1711667914,2220.34,2220.52,0.0,0,1711667914888,134,0.0
1711667915,2220.35,2220.54,0.0,0,1711667915218,134,0.0
1711667915,2220.39,2220.58,0.0,0,1711667915339,134,0.0
1711667916,2220.39,2220.6,0.0,0,1711667916208,4,0.0
1711667917,2220.37,2220.58,0.0,0,1711667917104,134,0.0
1711667917,2220.36,2220.57,0.0,0,1711667917555,134,0.0
1711667918,2220.37,2220.57,0.0,0,1711667918109,130,0.0
1711667919,2220.36,2220.57,0.0,0,1711667919121,130,0.0
1711667923,2220.36,2220.56,0.0,0,1711667923087,4,0.0
1711667923,2220.29,2220.5,0.0,0,1711667923181,134,0.0
1711667923,2220.28,2220.49,0.0,0,1711667923467,134,0.0
1711667924,2220.29,2220.49,0.0,0,1711667924904,130,0.0
1711667925,2220.3,2220.5,0.0,0,1711667925115,134,0.0
1711667926,2220.27,2220.48,0.0,0,1711667926104,134,0.0
1711667926,2220.26,2220.47,0.0,0,1711667926217,134,0.0
1711667926,2220.3,2220.5,0.0,0,1711667926435,134,0.0
1711667929,2220.28,2220.49,0.0,0,1711667929086,134,0.0
1711667929,2220.27,2220.47,0.0,0,1711667929407,134,0.0
1711667933,2220.31,2220.52,0.0,0,1711667933567,134,0.0
1711667940,2220.37,2220.58,0.0,0,1711667940556,134,0.0
1711667941,2220.3,2220.51,0.0,0,1711667941062,134,0.0
1711667943,2220.28,2220.49,0.0,0,1711667943125,134,0.0
1711667944,2220.27,2220.48,0.0,0,1711667944128,134,0.0
1711667945,2220.27,2220.47,0.0,0,1711667945135,4,0.0
1711667971,2220.38,2220.49,0.0,0,1711667971204,134,0.0
1711667971,2220.36,2220.48,0.0,0,1711667971508,134,0.0
1711667971,2220.34,2220.46,0.0,0,1711667971707,134,0.0
1711667971,2220.33,2220.45,0.0,0,1711667971977,134,0.0
1711667972,2220.31,2220.44,0.0,0,1711667972617,134,0.0
1711667973,2220.3,2220.44,0.0,0,1711667973627,130,0.0
1711667981,2220.36,2220.47,0.0,0,1711667981829,134,0.0
1711667982,2220.37,2220.48,0.0,0,1711667982213,134,0.0
1711667982,2220.36,2220.47,0.0,0,1711667982276,134,0.0
1711667984,2220.34,2220.48,0.0,0,1711667984095,134,0.0
1711667984,2220.33,2220.47,0.0,0,1711667984186,134,0.0
1711667985,2220.3,2220.45,0.0,0,1711667985100,134,0.0
1711667985,2220.33,2220.47,0.0,0,1711667985178,134,0.0
1711667985,2220.34,2220.49,0.0,0,1711667985508,134,0.0
1711667986,2220.33,2220.48,0.0,0,1711667986809,134,0.0
1711667986,2220.34,2220.49,0.0,0,1711667986916,134,0.0
1711667987,2220.32,2220.47,0.0,0,1711667987162,134,0.0
1711667987,2220.34,2220.48,0.0,0,1711667987264,134,0.0
1711667988,2220.33,2220.46,0.0,0,1711667988116,134,0.0
1711667989,2220.3,2220.44,0.0,0,1711667989230,134,0.0
1711668003,2220.36,2220.47,0.0,0,1711668003780,134,0.0
1711668009,2220.36,2220.51,0.0,0,1711668009420,4,0.0
1711668009,2220.35,2220.5,0.0,0,1711668009612,134,0.0
1711668009,2220.35,2220.49,0.0,0,1711668009675,4,0.0
1711668012,2220.35,2220.48,0.0,0,1711668012697,4,0.0
1711668022,2220.47,2220.58,0.0,0,1711668022416,134,0.0
1711668023,2220.45,2220.66,0.0,0,1711668023116,134,0.0
1711668023,2220.46,2220.66,0.0,0,1711668023567,130,0.0
1711668024,2220.46,2220.67,0.0,0,1711668024580,4,0.0
1711668031,2220.4,2220.6,0.0,0,1711668031675,134,0.0
1711668033,2220.38,2220.58,0.0,0,1711668033286,134,0.0
1711668034,2220.37,2220.57,0.0,0,1711668034192,134,0.0
1711668035,2220.36,2220.57,0.0,0,1711668035195,130,0.0
1711668039,2220.31,2220.52,0.0,0,1711668039675,134,0.0
1711668039,2220.28,2220.48,0.0,0,1711668039954,134,0.0
1711668040,2220.26,2220.47,0.0,0,1711668040838,134,0.0
1711668062,2220.3,2220.46,0.0,0,1711668062079,134,0.0
1711668064,2220.3,2220.47,0.0,0,1711668064253,4,0.0
1711668064,2220.29,2220.46,0.0,0,1711668064447,134,0.0
1711668070,2220.32,2220.46,0.0,0,1711668070293,130,0.0
1711668070,2220.29,2220.43,0.0,0,1711668070346,134,0.0
1711668072,2220.3,2220.43,0.0,0,1711668072089,130,0.0
1711668078,2220.32,2220.44,0.0,0,1711668078124,134,0.0
1711668078,2220.33,2220.45,0.0,0,1711668078239,134,0.0
1711668078,2220.3,2220.41,0.0,0,1711668078590,134,0.0
1711668081,2220.29,2220.4,0.0,0,1711668081911,134,0.0
1711668084,2220.22,2220.33,0.0,0,1711668084528,134,0.0
1711668085,2220.16,2220.36,0.0,0,1711668085585,134,0.0
1711668086,2220.17,2220.36,0.0,0,1711668086595,130,0.0
1711668091,2220.17,2220.35,0.0,0,1711668091127,4,0.0
1711668092,2220.18,2220.35,0.0,0,1711668092388,130,0.0
1711668095,2220.17,2220.34,0.0,0,1711668095605,134,0.0
1711668097,2219.88,2220.03,0.0,0,1711668097074,134,0.0
1711668106,2219.91,2220.12,0.0,0,1711668106781,134,0.0
1711668106,2219.93,2220.13,0.0,0,1711668106949,134,0.0
1711668106,2219.93,2220.14,0.0,0,1711668106988,4,0.0
1711668107,2219.98,2220.18,0.0,0,1711668107277,134,0.0
1711668107,2219.99,2220.19,0.0,0,1711668107327,134,0.0
1711668107,2219.99,2220.2,0.0,0,1711668107646,4,0.0
1711668116,2219.96,2220.16,0.0,0,1711668116708,134,0.0
1711668120,2219.96,2220.17,0.0,0,1711668120123,134,0.0
1711668133,2219.87,2220.08,0.0,0,1711668133413,134,0.0
1711668133,2219.84,2220.05,0.0,0,1711668133682,134,0.0
1711668139,2219.76,2219.97,0.0,0,1711668139860,134,0.0
1711668140,2219.69,2219.89,0.0,0,1711668140165,134,0.0
1711668158,2219.66,2219.87,0.0,0,1711668158335,134,0.0
1711668160,2219.71,2219.92,0.0,0,1711668160405,134,0.0
1711668160,2219.8,2220.0,0.0,0,1711668160495,134,0.0
1711668160,2219.8,2220.01,0.0,0,1711668160739,4,0.0
1711668160,2219.84,2220.04,0.0,0,1711668160957,134,0.0
1711668161,2219.85,2220.06,0.0,0,1711668161457,134,0.0
1711668162,2219.86,2220.06,0.0,0,1711668162468,130,0.0
1711668163,2219.85,2220.05,0.0,0,1711668163868,134,0.0
1711668164,2219.7,2219.91,0.0,0,1711668164039,134,0.0
1711668164,2219.66,2219.87,0.0,0,1711668164327,134,0.0
1711668166,2219.68,2219.89,0.0,0,1711668166492,134,0.0
1711668166,2219.69,2219.9,0.0,0,1711668166675,134,0.0
1711668166,2219.7,2219.91,0.0,0,1711668166687,134,0.0
1711668167,2219.75,2219.95,0.0,0,1711668167446,134,0.0
1711668168,2219.75,2219.96,0.0,0,1711668168403,4,0.0
1711668168,2219.7,2219.91,0.0,0,1711668168657,134,0.0
1711668168,2219.69,2219.89,0.0,0,1711668168705,134,0.0
1711668180,2219.7,2219.9,0.0,0,1711668180136,134,0.0
1711668180,2219.7,2219.91,0.0,0,1711668180233,4,0.0
1711668180,2219.72,2219.92,0.0,0,1711668180536,134,0.0
1711668181,2219.75,2219.95,0.0,0,1711668181293,134,0.0
1711668185,2219.82,2220.02,0.0,0,1711668185173,134,0.0
1711668185,2219.79,2220.0,0.0,0,1711668185489,134,0.0
1711668187,2219.8,2220.0,0.0,0,1711668187086,130,0.0
1711668190,2219.79,2219.99,0.0,0,1711668190206,134,0.0
1711668190,2219.68,2219.89,0.0,0,1711668190436,134,0.0
1711668203,2219.69,2219.89,0.0,0,1711668203602,130,0.0
1711668206,2219.67,2219.87,0.0,0,1711668206676,134,0.0
1711668211,2219.69,2219.89,0.0,0,1711668211536,134,0.0
1711668211,2219.7,2219.9,0.0,0,1711668211635,134,0.0
1711668211,2219.69,2219.89,0.0,0,1711668211889,134,0.0
1711668212,2219.64,2219.85,0.0,0,1711668212617,134,0.0
1711668216,2219.64,2219.84,0.0,0,1711668216235,4,0.0
1711668216,2219.61,2219.82,0.0,0,1711668216507,134,0.0
1711668217,2219.62,2219.82,0.0,0,1711668217293,130,0.0
1711668218,2219.67,2219.87,0.0,0,1711668218006,134,0.0
1711668218,2219.67,2219.88,0.0,0,1711668218306,4,0.0
1711668218,2219.71,2219.92,0.0,0,1711668218487,134,0.0
1711668219,2219.75,2219.96,0.0,0,1711668219366,134,0.0
1711668219,2219.78,2219.99,0.0,0,1711668219818,134,0.0
1711668220,2219.79,2220.0,0.0,0,1711668220138,134,0.0
1711668220,2219.8,2220.01,0.0,0,1711668220466,134,0.0
1711668220,2219.87,2220.07,0.0,0,1711668220796,134,0.0
1711668221,2219.88,2220.09,0.0,0,1711668221478,134,0.0
1711668221,2219.89,2220.09,0.0,0,1711668221788,130,0.0
1711668222,2219.91,2220.12,0.0,0,1711668222130,134,0.0
1711668222,2219.93,2220.13,0.0,0,1711668222449,134,0.0
1711668223,2219.96,2220.16,0.0,0,1711668223088,134,0.0
1711668224,2219.96,2220.17,0.0,0,1711668224093,4,0.0
1711668226,2219.99,2220.19,0.0,0,1711668226141,134,0.0
1711668226,2220.1,2220.31,0.0,0,1711668226659,134,0.0
1711668226,2220.01,2220.22,0.0,0,1711668226762,134,0.0
1711668227,2220.04,2220.24,0.0,0,1711668227066,134,0.0
1711668227,2220.05,2220.25,0.0,0,1711668227314,134,0.0
1711668228,2220.06,2220.26,0.0,0,1711668228325,134,0.0
1711668241,2220.06,2220.27,0.0,0,1711668241162,134,0.0
1711668245,2220.08,2220.29,0.0,0,1711668245084,134,0.0
1711668245,2219.99,2220.19,0.0,0,1711668245643,134,0.0
1711668253,2219.89,2220.09,0.0,0,1711668253892,134,0.0
1711668255,2219.86,2220.06,0.0,0,1711668255663,134,0.0
1711668273,2219.87,2220.07,0.0,0,1711668273381,134,0.0
1711668280,2219.9,2220.07,0.0,0,1711668280180,130,0.0
1711668280,2219.91,2220.08,0.0,0,1711668280326,134,0.0
1711668298,2219.84,2219.96,0.0,0,1711668298605,134,0.0
1711668298,2219.83,2219.95,0.0,0,1711668298707,134,0.0
1711668311,2219.76,2219.95,0.0,0,1711668311197,130,0.0
1711668311,2219.78,2219.98,0.0,0,1711668311289,134,0.0
1711668318,2219.81,2219.98,0.0,0,1711668318591,130,0.0
1711668318,2219.8,2219.96,0.0,0,1711668318996,134,0.0
1711668321,2219.81,2219.96,0.0,0,1711668321263,130,0.0
1711668326,2219.84,2219.97,0.0,0,1711668326749,134,0.0
1711668327,2219.85,2219.98,0.0,0,1711668327059,134,0.0
1711668327,2219.9,2220.04,0.0,0,1711668327109,134,0.0
1711668328,2219.89,2220.09,0.0,0,1711668328107,134,0.0
1711668332,2219.9,2220.1,0.0,0,1711668332947,134,0.0
1711668337,2219.89,2220.07,0.0,0,1711668337285,134,0.0
1711668337,2219.9,2220.08,0.0,0,1711668337326,134,0.0
1711668337,2219.9,2220.09,0.0,0,1711668337826,4,0.0
1711668362,2219.93,2220.05,0.0,0,1711668362078,134,0.0
1711668367,2219.95,2220.06,0.0,0,1711668367580,134,0.0
1711668367,2219.94,2220.05,0.0,0,1711668367685,134,0.0
1711668381,2219.93,2220.05,0.0,0,1711668381174,130,0.0
1711668382,2219.92,2220.03,0.0,0,1711668382786,134,0.0
1711668395,2219.92,2220.04,0.0,0,1711668395725,4,0.0
1711668407,2219.92,2220.03,0.0,0,1711668407349,4,0.0
1711668416,2219.93,2220.04,0.0,0,1711668416216,134,0.0
1711668420,2219.83,2219.94,0.0,0,1711668420843,134,0.0
1711668421,2219.82,2219.94,0.0,0,1711668421205,130,0.0
1711668423,2219.8,2220.0,0.0,0,1711668423721,134,0.0
1711668423,2219.81,2220.02,0.0,0,1711668423817,134,0.0
1711668424,2219.83,2220.04,0.0,0,1711668424077,134,0.0
1711668424,2219.86,2220.07,0.0,0,1711668424118,134,0.0
1711668424,2219.87,2220.08,0.0,0,1711668424404,134,0.0
1711668425,2219.89,2220.1,0.0,0,1711668425683,134,0.0
1711668428,2219.91,2220.11,0.0,0,1711668428348,134,0.0
1711668428,2219.92,2220.13,0.0,0,1711668428447,134,0.0
1711668428,2219.94,2220.15,0.0,0,1711668428796,134,0.0
1711668429,2219.89,2220.09,0.0,0,1711668429025,134,0.0
1711668429,2219.88,2220.09,0.0,0,1711668429813,130,0.0
1711668439,2219.89,2220.09,0.0,0,1711668439719,130,0.0
1711668460,2220.04,2220.17,0.0,0,1711668460112,134,0.0
1711668460,2220.05,2220.19,0.0,0,1711668460376,134,0.0
1711668460,2220.07,2220.2,0.0,0,1711668460706,134,0.0
1711668460,2220.08,2220.22,0.0,0,1711668460749,134,0.0
1711668461,2219.96,2220.17,0.0,0,1711668461321,134,0.0
1711668461,2219.77,2219.97,0.0,0,1711668461725,134,0.0
1711668463,2219.71,2219.91,0.0,0,1711668463268,134,0.0
1711668463,2219.72,2219.93,0.0,0,1711668463386,134,0.0
1711668463,2219.75,2219.95,0.0,0,1711668463791,134,0.0
1711668464,2219.76,2219.96,0.0,0,1711668464442,134,0.0
1711668471,2219.67,2219.88,0.0,0,1711668471288,134,0.0
1711668471,2219.66,2219.87,0.0,0,1711668471593,134,0.0
1711668472,2219.67,2219.87,0.0,0,1711668472400,130,0.0
1711668474,2219.67,2219.88,0.0,0,1711668474166,4,0.0
1711668477,2219.69,2219.89,0.0,0,1711668477036,134,0.0
1711668477,2219.7,2219.9,0.0,0,1711668477359,134,0.0
1711668481,2219.71,2219.91,0.0,0,1711668481391,134,0.0
1711668481,2219.74,2219.94,0.0,0,1711668481865,134,0.0
1711668482,2219.76,2219.97,0.0,0,1711668482162,134,0.0
1711668482,2219.77,2219.98,0.0,0,1711668482314,134,0.0
1711668483,2219.79,2219.99,0.0,0,1711668483325,134,0.0
1711668491,2219.78,2219.98,0.0,0,1711668491236,134,0.0
1711668491,2219.79,2220.0,0.0,0,1711668491397,134,0.0
1711668492,2219.84,2220.04,0.0,0,1711668492236,134,0.0
1711668492,2219.87,2220.07,0.0,0,1711668492388,134,0.0
1711668492,2219.89,2220.09,0.0,0,1711668492983,134,0.0
1711668493,2219.89,2220.1,0.0,0,1711668493297,4,0.0
1711668500,2219.92,2220.13,0.0,0,1711668500196,134,0.0
1711668500,2219.93,2220.14,0.0,0,1711668500303,134,0.0
1711668500,2219.94,2220.14,0.0,0,1711668500405,130,0.0
1711668501,2219.97,2220.17,0.0,0,1711668501405,134,0.0
1711668508,2219.9,2220.1,0.0,0,1711668508755,134,0.0
1711668509,2219.89,2220.1,0.0,0,1711668509002,130,0.0
1711668510,2219.9,2220.1,0.0,0,1711668510264,130,0.0
1711668515,2219.87,2220.08,0.0,0,1711668515754,134,0.0
1711668515,2219.79,2220.0,0.0,0,1711668515856,134,0.0
1711668523,2219.88,2220.08,0.0,0,1711668523005,134,0.0
1711668523,2219.87,2220.07,0.0,0,1711668523177,134,0.0
1711668523,2219.88,2220.08,0.0,0,1711668523451,134,0.0
1711668523,2219.87,2220.08,0.0,0,1711668523730,130,0.0
1711668524,2219.89,2220.09,0.0,0,1711668524407,134,0.0
1711668526,2219.89,2220.1,0.0,0,1711668526526,4,0.0
1711668527,2219.89,2220.09,0.0,0,1711668527274,4,0.0
1711668543,2219.91,2220.09,0.0,0,1711668543286,130,0.0
1711668550,2219.82,2219.99,0.0,0,1711668550339,134,0.0
1711668550,2219.82,2219.98,0.0,0,1711668550536,4,0.0
1711668551,2219.8,2220.01,0.0,0,1711668551641,134,0.0
1711668552,2219.83,2220.03,0.0,0,1711668552556,134,0.0
1711668552,2219.85,2220.05,0.0,0,1711668552857,134,0.0
1711668553,2219.87,2220.07,0.0,0,1711668553866,134,0.0
1711668557,2219.8,2220.01,0.0,0,1711668557735,134,0.0
1711668579,2219.77,2219.93,0.0,0,1711668579186,134,0.0
1711668579,2219.72,2219.89,0.0,0,1711668579503,134,0.0
1711668582,2219.7,2219.9,0.0,0,1711668582561,134,0.0
1711668583,2219.61,2219.82,0.0,0,1711668583216,134,0.0
1711668585,2219.6,2219.8,0.0,0,1711668585528,134,0.0
1711668586,2219.59,2219.8,0.0,0,1711668586843,130,0.0
1711668587,2219.6,2219.81,0.0,0,1711668587091,134,0.0
1711668589,2219.68,2219.88,0.0,0,1711668589407,134,0.0
1711668589,2219.7,2219.91,0.0,0,1711668589735,134,0.0
1711668590,2219.71,2219.92,0.0,0,1711668590415,134,0.0
1711668590,2219.72,2219.93,0.0,0,1711668590814,134,0.0
1711668591,2219.73,2219.94,0.0,0,1711668591056,134,0.0
1711668591,2219.78,2219.99,0.0,0,1711668591221,134,0.0
1711668591,2219.8,2220.0,0.0,0,1711668591386,134,0.0
1711668592,2219.81,2220.01,0.0,0,1711668592325,134,0.0
1711668595,2219.78,2219.98,0.0,0,1711668595190,134,0.0
1711668596,2219.77,2219.97,0.0,0,1711668596150,134,0.0
1711668597,2219.71,2219.92,0.0,0,1711668597109,134,0.0
1711668600,2219.8,2220.01,0.0,0,1711668600678,134,0.0
1711668600,2219.91,2220.11,0.0,0,1711668600952,134,0.0
1711668601,2219.99,2220.19,0.0,0,1711668601030,134,0.0
1711668601,2220.01,2220.21,0.0,0,1711668601613,134,0.0
1711668601,2220.03,2220.23,0.0,0,1711668601789,134,0.0
1711668602,2220.04,2220.24,0.0,0,1711668602093,134,0.0
1711668602,2220.05,2220.25,0.0,0,1711668602278,134,0.0
1711668602,2220.01,2220.22,0.0,0,1711668602344,134,0.0
1711668606,2220.01,2220.21,0.0,0,1711668606924,4,0.0
1711668621,2220.01,2220.22,0.0,0,1711668621174,4,0.0
1711668622,2219.91,2220.12,0.0,0,1711668622031,134,0.0
1711668630,2219.92,2220.12,0.0,0,1711668630343,130,0.0
1711668630,2219.91,2220.12,0.0,0,1711668630659,130,0.0
1711668640,2219.81,2220.02,0.0,0,1711668640315,134,0.0
1711668641,2219.8,2220.01,0.0,0,1711668641371,134,0.0
1711668646,2219.79,2220.0,0.0,0,1711668646507,134,0.0
1711668646,2219.71,2219.91,0.0,0,1711668646825,134,0.0
1711668647,2219.71,2219.92,0.0,0,1711668647817,4,0.0
1711668653,2219.72,2219.93,0.0,0,1711668653852,134,0.0
1711668654,2219.75,2219.95,0.0,0,1711668654088,134,0.0
1711668654,2219.76,2219.96,0.0,0,1711668654411,134,0.0
1711668655,2219.77,2219.98,0.0,0,1711668655317,134,0.0
1711668655,2219.77,2219.97,0.0,0,1711668655763,4,0.0
1711668660,2219.73,2219.93,0.0,0,1711668660904,134,0.0
1711668661,2219.85,2220.05,0.0,0,1711668661017,134,0.0
1711668661,2219.81,2220.02,0.0,0,1711668661411,134,0.0
1711668664,2219.84,2220.05,0.0,0,1711668664385,134,0.0
1711668664,2220.03,2220.23,0.0,0,1711668664645,134,0.0
1711668664,2220.02,2220.23,0.0,0,1711668664725,130,0.0
1711668664,2220.03,2220.23,0.0,0,1711668664969,130,0.0
1711668665,2220.05,2220.25,0.0,0,1711668665338,134,0.0
1711668666,2220.06,2220.26,0.0,0,1711668666238,134,0.0
1711668666,2219.91,2220.11,0.0,0,1711668666345,134,0.0
1711668666,2219.89,2220.1,0.0,0,1711668666624,134,0.0
1711668669,2219.9,2220.11,0.0,0,1711668669058,134,0.0
1711668689,2219.91,2220.12,0.0,0,1711668689298,134,0.0
1711668701,2219.91,2220.11,0.0,0,1711668701180,4,0.0
1711668702,2219.81,2220.01,0.0,0,1711668702136,134,0.0
1711668707,2219.8,2220.0,0.0,0,1711668707874,134,0.0
1711668708,2219.78,2219.99,0.0,0,1711668708203,134,0.0
1711668709,2219.76,2219.97,0.0,0,1711668709385,134,0.0
