time,bid,ask,last,volume,time_msc,flags,volume_real
1593107804,1.1216,1.12161,0.0,0,1593107804789,134,0.0
1593107806,1.1216,1.1216,0.0,0,1593107806268,4,0.0
1593107806,1.1216,1.12161,0.0,0,1593107806835,4,0.0
1593107807,1.12161,1.12162,0.0,0,1593107807921,134,0.0
1593107808,1.1216,1.12161,0.0,0,1593107808515,134,0.0
1593107809,1.12159,1.1216,0.0,0,1593107809768,134,0.0
1593107812,1.12155,1.1215600000000001,0.0,0,1593107812707,134,0.0
1593107815,1.12152,1.12152,0.0,0,1593107815986,134,0.0
1593107816,1.1215,1.12151,0.0,0,1593107816559,134,0.0
1593107817,1.12151,1.12152,0.0,0,1593107817073,134,0.0
1593107817,1.12145,1.12146,0.0,0,1593107817674,134,0.0
1593107818,1.12146,1.12146,0.0,0,1593107818177,130,0.0
1593107818,1.12145,1.12146,0.0,0,1593107818692,130,0.0
1593107819,1.12138,1.1214,0.0,0,1593107819202,134,0.0
1593107819,1.12138,1.1213899999999999,0.0,0,1593107819721,4,0.0
1593107820,1.1214,1.1214,0.0,0,1593107820272,134,0.0
1593107820,1.12137,1.12138,0.0,0,1593107820816,134,0.0
1593107821,1.1213899999999999,1.1213899999999999,0.0,0,1593107821313,134,0.0
1593107821,1.12141,1.12141,0.0,0,1593107821835,134,0.0
1593107823,1.12143,1.12144,0.0,0,1593107823384,134,0.0
1593107823,1.12146,1.12146,0.0,0,1593107823900,134,0.0
1593107824,1.12152,1.12153,0.0,0,1593107824401,134,0.0
1593107824,1.12154,1.12155,0.0,0,1593107824975,134,0.0
1593107825,1.12152,1.12152,0.0,0,1593107825529,134,0.0
1593107827,1.12149,1.1215,0.0,0,1593107827676,134,0.0
1593107828,1.12154,1.12155,0.0,0,1593107828199,134,0.0
1593107828,1.12153,1.12153,0.0,0,1593107828710,134,0.0
1593107829,1.12154,1.12154,0.0,0,1593107829762,134,0.0
1593107830,1.12155,1.12155,0.0,0,1593107830275,134,0.0
1593107830,1.1215,1.1215,0.0,0,1593107830809,134,0.0
1593107831,1.12151,1.12151,0.0,0,1593107831320,134,0.0
1593107831,1.12159,1.12159,0.0,0,1593107831825,134,0.0
1593107832,1.12157,1.12157,0.0,0,1593107832893,134,0.0
1593107833,1.12157,1.12158,0.0,0,1593107833910,4,0.0
1593107834,1.12157,1.12157,0.0,0,1593107834408,4,0.0
1593107834,1.12154,1.12154,0.0,0,1593107834923,134,0.0
1593107837,1.1215,1.12151,0.0,0,1593107837035,134,0.0
1593107837,1.12151,1.12151,0.0,0,1593107837587,130,0.0
1593107838,1.1215,1.12151,0.0,0,1593107838139,130,0.0
1593107838,1.1215,1.1215,0.0,0,1593107838676,4,0.0
1593107839,1.12146,1.12146,0.0,0,1593107839210,134,0.0
1593107839,1.12145,1.12145,0.0,0,1593107839749,134,0.0
1593107840,1.12148,1.12148,0.0,0,1593107840308,134,0.0
1593107840,1.12148,1.12149,0.0,0,1593107840831,4,0.0
1593107841,1.12148,1.12148,0.0,0,1593107841416,4,0.0
1593107843,1.12145,1.12145,0.0,0,1593107843550,134,0.0
1593107844,1.12144,1.12144,0.0,0,1593107844080,134,0.0
1593107845,1.12143,1.12144,0.0,0,1593107845103,130,0.0
1593107845,1.12144,1.12144,0.0,0,1593107845615,130,0.0
1593107846,1.12143,1.12143,0.0,0,1593107846692,134,0.0
1593107847,1.12144,1.12144,0.0,0,1593107847194,134,0.0
1593107847,1.12142,1.12142,0.0,0,1593107847751,134,0.0
1593107848,1.12142,1.12143,0.0,0,1593107848265,4,0.0
1593107849,1.12142,1.12142,0.0,0,1593107849355,4,0.0
1593107849,1.12142,1.12143,0.0,0,1593107849877,4,0.0
1593107850,1.12143,1.12143,0.0,0,1593107850383,130,0.0
1593107850,1.12142,1.12142,0.0,0,1593107850935,134,0.0
1593107852,1.12141,1.12142,0.0,0,1593107852575,130,0.0
1593107853,1.12141,1.12141,0.0,0,1593107853076,4,0.0
1593107854,1.12142,1.12142,0.0,0,1593107854646,134,0.0
1593107856,1.1214,1.1214,0.0,0,1593107856397,134,0.0
1593107856,1.1214,1.12141,0.0,0,1593107856916,4,0.0
1593107857,1.12141,1.12141,0.0,0,1593107857427,130,0.0
1593107857,1.12142,1.12142,0.0,0,1593107857945,134,0.0
1593107858,1.12143,1.12143,0.0,0,1593107858458,134,0.0
1593107859,1.12149,1.12149,0.0,0,1593107859487,134,0.0
1593107861,1.12147,1.12147,0.0,0,1593107861007,134,0.0
1593107862,1.12144,1.12144,0.0,0,1593107862603,134,0.0
1593107863,1.1214,1.12141,0.0,0,1593107863139,134,0.0
1593107863,1.12138,1.12138,0.0,0,1593107863812,134,0.0
1593107864,1.12135,1.12135,0.0,0,1593107864933,134,0.0
1593107866,1.12134,1.12135,0.0,0,1593107866042,130,0.0
1593107866,1.12138,1.12138,0.0,0,1593107866532,134,0.0
1593107867,1.12137,1.12137,0.0,0,1593107867637,134,0.0
1593107869,1.12136,1.12136,0.0,0,1593107869163,134,0.0
1593107869,1.12137,1.12137,0.0,0,1593107869707,134,0.0
1593107870,1.12135,1.12136,0.0,0,1593107870217,134,0.0
1593107872,1.12135,1.12135,0.0,0,1593107872301,4,0.0
1593107872,1.12133,1.12133,0.0,0,1593107872811,134,0.0
1593107873,1.12128,1.12128,0.0,0,1593107873311,134,0.0
1593107873,1.1213,1.1213,0.0,0,1593107873819,134,0.0
1593107874,1.12127,1.12127,0.0,0,1593107874327,134,0.0
1593107874,1.12126,1.12126,0.0,0,1593107874839,134,0.0
1593107875,1.12124,1.12124,0.0,0,1593107875861,134,0.0
1593107876,1.12122,1.12122,0.0,0,1593107876463,134,0.0
1593107877,1.12121,1.12121,0.0,0,1593107877475,134,0.0
1593107878,1.12123,1.12123,0.0,0,1593107878485,134,0.0
1593107878,1.12123,1.12124,0.0,0,1593107878996,4,0.0
1593107879,1.12123,1.12123,0.0,0,1593107879583,4,0.0
1593107880,1.12123,1.12123,0.0,0,1593107880108,130,0.0
1593107880,1.12128,1.12128,0.0,0,1593107880623,134,0.0
1593107881,1.12126,1.12126,0.0,0,1593107881204,134,0.0
1593107881,1.12125,1.12125,0.0,0,1593107881705,134,0.0
1593107882,1.12124,1.12125,0.0,0,1593107882221,130,0.0
1593107882,1.12125,1.12125,0.0,0,1593107882733,130,0.0
1593107883,1.12124,1.12125,0.0,0,1593107883320,130,0.0
1593107884,1.12125,1.12125,0.0,0,1593107884345,130,0.0
1593107885,1.12124,1.12124,0.0,0,1593107885961,134,0.0
1593107886,1.12123,1.12123,0.0,0,1593107886468,134,0.0
1593107886,1.12125,1.12126,0.0,0,1593107886986,134,0.0
1593107887,1.12127,1.12127,0.0,0,1593107887505,134,0.0
1593107889,1.12127,1.12128,0.0,0,1593107889185,4,0.0
1593107889,1.12128,1.12128,0.0,0,1593107889758,130,0.0
1593107890,1.1213,1.12131,0.0,0,1593107890835,134,0.0
1593107891,1.12131,1.12131,0.0,0,1593107891338,130,0.0
1593107891,1.12132,1.12132,0.0,0,1593107891857,134,0.0
1593107892,1.12127,1.12128,0.0,0,1593107892360,134,0.0
1593107892,1.12131,1.12131,0.0,0,1593107892881,134,0.0
1593107893,1.12132,1.12133,0.0,0,1593107893396,134,0.0
1593107894,1.12132,1.12132,0.0,0,1593107894608,4,0.0
1593107895,1.12131,1.12131,0.0,0,1593107895163,134,0.0
1593107895,1.12132,1.12132,0.0,0,1593107895707,134,0.0
1593107897,1.12133,1.12133,0.0,0,1593107897428,134,0.0
1593107897,1.12136,1.12136,0.0,0,1593107897947,134,0.0
1593107898,1.12134,1.12135,0.0,0,1593107898453,134,0.0
1593107899,1.12135,1.12135,0.0,0,1593107899998,130,0.0
1593107900,1.12134,1.12135,0.0,0,1593107900503,130,0.0
1593107901,1.12135,1.12135,0.0,0,1593107901020,130,0.0
1593107901,1.12136,1.12136,0.0,0,1593107901545,134,0.0
1593107902,1.12135,1.12135,0.0,0,1593107902069,134,0.0
1593107903,1.12138,1.12138,0.0,0,1593107903093,134,0.0
1593107903,1.12145,1.12145,0.0,0,1593107903613,134,0.0
1593107904,1.12146,1.12146,0.0,0,1593107904162,134,0.0
1593107904,1.12142,1.12143,0.0,0,1593107904674,134,0.0
1593107905,1.12143,1.12144,0.0,0,1593107905178,134,0.0
1593107905,1.12147,1.12147,0.0,0,1593107905686,134,0.0
1593107906,1.12145,1.12145,0.0,0,1593107906734,134,0.0
1593107907,1.12144,1.12144,0.0,0,1593107907300,134,0.0
1593107909,1.12143,1.12143,0.0,0,1593107909347,134,0.0
1593107909,1.12141,1.12141,0.0,0,1593107909851,134,0.0
1593107910,1.12138,1.12138,0.0,0,1593107910376,134,0.0
1593107910,1.12143,1.12143,0.0,0,1593107910878,134,0.0
1593107911,1.12144,1.12145,0.0,0,1593107911388,134,0.0
1593107911,1.1213899999999999,1.1214,0.0,0,1593107911918,134,0.0
1593107912,1.1213899999999999,1.1213899999999999,0.0,0,1593107912437,4,0.0
1593107912,1.1214,1.1214,0.0,0,1593107912938,134,0.0
1593107913,1.1213899999999999,1.1214,0.0,0,1593107913460,130,0.0
1593107913,1.1214,1.12141,0.0,0,1593107913984,134,0.0
1593107914,1.12141,1.12141,0.0,0,1593107914485,130,0.0
1593107914,1.12142,1.12142,0.0,0,1593107914988,134,0.0
1593107915,1.12141,1.12141,0.0,0,1593107915513,134,0.0
1593107917,1.12138,1.1213899999999999,0.0,0,1593107917115,134,0.0
1593107917,1.12138,1.12138,0.0,0,1593107917704,4,0.0
1593107918,1.1214,1.1214,0.0,0,1593107918297,134,0.0
1593107918,1.1214,1.12141,0.0,0,1593107918862,4,0.0
1593107919,1.1213899999999999,1.1213899999999999,0.0,0,1593107919943,134,0.0
1593107920,1.1214,1.1214,0.0,0,1593107920547,134,0.0
1593107921,1.12141,1.12141,0.0,0,1593107921076,134,0.0
1593107922,1.12137,1.12137,0.0,0,1593107922675,134,0.0
1593107923,1.12135,1.12136,0.0,0,1593107923706,134,0.0
1593107924,1.12134,1.12134,0.0,0,1593107924222,134,0.0
1593107924,1.12135,1.12135,0.0,0,1593107924741,134,0.0
1593107925,1.12136,1.12136,0.0,0,1593107925254,134,0.0
1593107926,1.1213,1.1213,0.0,0,1593107926280,134,0.0
1593107926,1.12128,1.12129,0.0,0,1593107926801,134,0.0
1593107927,1.1213,1.1213,0.0,0,1593107927309,134,0.0
1593107927,1.12129,1.12129,0.0,0,1593107927826,134,0.0
1593107930,1.12132,1.12132,0.0,0,1593107930558,134,0.0
1593107932,1.12131,1.12131,0.0,0,1593107932681,134,0.0
1593107933,1.12132,1.12132,0.0,0,1593107933183,134,0.0
1593107933,1.12131,1.12131,0.0,0,1593107933732,134,0.0
1593107934,1.1213,1.1213,0.0,0,1593107934269,134,0.0
1593107934,1.1213,1.12131,0.0,0,1593107934798,4,0.0
1593107935,1.12132,1.12132,0.0,0,1593107935335,134,0.0
1593107935,1.12131,1.12131,0.0,0,1593107935843,134,0.0
1593107936,1.12132,1.12132,0.0,0,1593107936398,134,0.0
1593107937,1.12132,1.12133,0.0,0,1593107937942,4,0.0
1593107938,1.12133,1.12133,0.0,0,1593107938461,130,0.0
1593107939,1.12138,1.12138,0.0,0,1593107939484,134,0.0
1593107940,1.1214,1.1214,0.0,0,1593107940010,134,0.0
1593107940,1.12137,1.12137,0.0,0,1593107940529,134,0.0
1593107943,1.12135,1.12135,0.0,0,1593107943715,134,0.0
1593107944,1.12135,1.12136,0.0,0,1593107944244,4,0.0
1593107944,1.12138,1.12138,0.0,0,1593107944757,134,0.0
1593107945,1.12135,1.12135,0.0,0,1593107945288,134,0.0
1593107945,1.12137,1.12137,0.0,0,1593107945798,134,0.0
1593107946,1.12135,1.12135,0.0,0,1593107946831,134,0.0
1593107947,1.12132,1.12132,0.0,0,1593107947409,134,0.0
1593107948,1.12135,1.12136,0.0,0,1593107948484,134,0.0
1593107949,1.12136,1.12136,0.0,0,1593107949036,130,0.0
1593107949,1.12137,1.12137,0.0,0,1593107949559,134,0.0
1593107952,1.12133,1.12133,0.0,0,1593107952830,134,0.0
1593107953,1.12137,1.12137,0.0,0,1593107953387,134,0.0
1593107953,1.1213899999999999,1.1213899999999999,0.0,0,1593107953912,134,0.0
1593107954,1.1214,1.1214,0.0,0,1593107954422,134,0.0
1593107955,1.12137,1.12137,0.0,0,1593107955456,134,0.0
1593107955,1.1214,1.1214,0.0,0,1593107955980,134,0.0
1593107956,1.12142,1.12142,0.0,0,1593107956570,134,0.0
1593107958,1.12141,1.12141,0.0,0,1593107958277,134,0.0
1593107959,1.12143,1.12143,0.0,0,1593107959368,134,0.0
1593107959,1.1213899999999999,1.1213899999999999,0.0,0,1593107959887,134,0.0
1593107960,1.12137,1.12138,0.0,0,1593107960925,134,0.0
1593107961,1.1213899999999999,1.1213899999999999,0.0,0,1593107961429,134,0.0
1593107961,1.12142,1.12142,0.0,0,1593107961936,134,0.0
1593107963,1.12141,1.12141,0.0,0,1593107963463,134,0.0
1593107964,1.1214,1.1214,0.0,0,1593107964599,134,0.0
1593107965,1.12136,1.12136,0.0,0,1593107965134,134,0.0
1593107965,1.12134,1.12134,0.0,0,1593107965639,134,0.0
1593107966,1.12132,1.12132,0.0,0,1593107966157,134,0.0
1593107966,1.12134,1.12134,0.0,0,1593107966771,134,0.0
1593107967,1.12133,1.12133,0.0,0,1593107967291,134,0.0
1593107967,1.12131,1.12132,0.0,0,1593107967820,134,0.0
1593107968,1.1213,1.12131,0.0,0,1593107968336,134,0.0
1593107968,1.12133,1.12133,0.0,0,1593107968957,134,0.0
1593107970,1.12132,1.12132,0.0,0,1593107970570,134,0.0
1593107971,1.12131,1.12132,0.0,0,1593107971102,130,0.0
1593107972,1.12132,1.12133,0.0,0,1593107972660,134,0.0
1593107973,1.12132,1.12132,0.0,0,1593107973180,4,0.0
1593107973,1.12132,1.12133,0.0,0,1593107973776,4,0.0
1593107974,1.12133,1.12133,0.0,0,1593107974359,130,0.0
1593107974,1.12133,1.12134,0.0,0,1593107974864,4,0.0
1593107975,1.12137,1.12137,0.0,0,1593107975412,134,0.0
1593107975,1.12141,1.12141,0.0,0,1593107975943,134,0.0
1593107976,1.1214,1.1214,0.0,0,1593107976454,134,0.0
1593107977,1.12142,1.12142,0.0,0,1593107977481,134,0.0
1593107978,1.12141,1.12141,0.0,0,1593107978513,134,0.0
1593107979,1.1214,1.1214,0.0,0,1593107979023,134,0.0
1593107979,1.12141,1.12141,0.0,0,1593107979541,134,0.0
1593107980,1.12141,1.12142,0.0,0,1593107980061,4,0.0
1593107980,1.12141,1.12141,0.0,0,1593107980584,4,0.0
1593107981,1.1213899999999999,1.1213899999999999,0.0,0,1593107981109,134,0.0
1593107982,1.12141,1.12142,0.0,0,1593107982190,134,0.0
1593107983,1.12141,1.12141,0.0,0,1593107983457,4,0.0
1593107984,1.1214,1.12141,0.0,0,1593107984496,130,0.0
1593107985,1.12141,1.12141,0.0,0,1593107985051,130,0.0
1593107986,1.1214,1.12141,0.0,0,1593107986098,130,0.0
1593107986,1.12141,1.12141,0.0,0,1593107986649,130,0.0
1593107987,1.1214,1.1214,0.0,0,1593107987702,134,0.0
1593107988,1.1213899999999999,1.1213899999999999,0.0,0,1593107988242,134,0.0
1593107988,1.12137,1.12137,0.0,0,1593107988744,134,0.0
1593107989,1.12135,1.12136,0.0,0,1593107989255,134,0.0
1593107990,1.12137,1.12137,0.0,0,1593107990651,134,0.0
1593107991,1.12136,1.12136,0.0,0,1593107991240,134,0.0
1593107992,1.12133,1.12133,0.0,0,1593107992408,134,0.0
1593107992,1.12136,1.12136,0.0,0,1593107992925,134,0.0
1593107993,1.12135,1.12135,0.0,0,1593107993941,134,0.0
1593107994,1.12133,1.12133,0.0,0,1593107994475,134,0.0
1593107995,1.12134,1.12134,0.0,0,1593107995638,134,0.0
1593107996,1.12133,1.12133,0.0,0,1593107996221,134,0.0
1593107996,1.12134,1.12134,0.0,0,1593107996844,134,0.0
1593107997,1.12133,1.12133,0.0,0,1593107997417,134,0.0
1593107998,1.12131,1.12131,0.0,0,1593107998556,134,0.0
1593107999,1.12132,1.12132,0.0,0,1593107999064,134,0.0
1593108000,1.12132,1.12132,0.0,0,1593108000101,130,0.0
1593108000,1.12129,1.12129,0.0,0,1593108000625,134,0.0
1593108001,1.12131,1.12131,0.0,0,1593108001186,134,0.0
1593108001,1.12128,1.12128,0.0,0,1593108001700,134,0.0
1593108002,1.12127,1.12127,0.0,0,1593108002227,134,0.0
1593108003,1.12125,1.12125,0.0,0,1593108003318,134,0.0
1593108003,1.12131,1.12131,0.0,0,1593108003822,134,0.0
1593108004,1.12128,1.12128,0.0,0,1593108004343,134,0.0
1593108004,1.12127,1.12127,0.0,0,1593108004899,134,0.0
1593108005,1.12128,1.12129,0.0,0,1593108005425,134,0.0
1593108005,1.12128,1.12128,0.0,0,1593108005957,4,0.0
1593108006,1.12126,1.12126,0.0,0,1593108006523,134,0.0
1593108007,1.12125,1.12125,0.0,0,1593108007023,134,0.0
1593108007,1.12123,1.12124,0.0,0,1593108007525,134,0.0
1593108008,1.12122,1.12122,0.0,0,1593108008532,134,0.0
1593108009,1.12121,1.12122,0.0,0,1593108009060,130,0.0
1593108010,1.12121,1.12121,0.0,0,1593108010150,4,0.0
1593108010,1.12123,1.12123,0.0,0,1593108010709,134,0.0
1593108011,1.12122,1.12123,0.0,0,1593108011241,130,0.0
1593108013,1.12122,1.12122,0.0,0,1593108013017,4,0.0
1593108013,1.12126,1.12126,0.0,0,1593108013581,134,0.0
1593108014,1.12131,1.12131,0.0,0,1593108014166,134,0.0
1593108014,1.12134,1.12134,0.0,0,1593108014726,134,0.0
1593108015,1.12133,1.12133,0.0,0,1593108015244,134,0.0
1593108015,1.12132,1.12133,0.0,0,1593108015769,130,0.0
1593108016,1.12133,1.12133,0.0,0,1593108016278,130,0.0
1593108016,1.1214,1.1214,0.0,0,1593108016789,134,0.0
1593108017,1.12145,1.12146,0.0,0,1593108017298,134,0.0
1593108017,1.12146,1.12146,0.0,0,1593108017805,130,0.0
1593108019,1.12147,1.12147,0.0,0,1593108019382,134,0.0
1593108020,1.12147,1.12148,0.0,0,1593108020963,4,0.0
1593108022,1.12147,1.12147,0.0,0,1593108022021,4,0.0
1593108022,1.12145,1.12145,0.0,0,1593108022528,134,0.0
1593108023,1.12143,1.12143,0.0,0,1593108023564,134,0.0
1593108024,1.12141,1.12141,0.0,0,1593108024644,134,0.0
1593108025,1.12142,1.12142,0.0,0,1593108025192,134,0.0
1593108025,1.1214,1.1214,0.0,0,1593108025734,134,0.0
1593108026,1.12142,1.12142,0.0,0,1593108026246,134,0.0
1593108026,1.12143,1.12143,0.0,0,1593108026755,134,0.0
1593108028,1.12142,1.12143,0.0,0,1593108028321,130,0.0
1593108028,1.12142,1.12142,0.0,0,1593108028847,4,0.0
1593108029,1.12147,1.12147,0.0,0,1593108029365,134,0.0
1593108029,1.12145,1.12145,0.0,0,1593108029884,134,0.0
1593108030,1.12143,1.12144,0.0,0,1593108030387,134,0.0
1593108030,1.1215,1.1215,0.0,0,1593108030919,134,0.0
1593108031,1.12153,1.12153,0.0,0,1593108031429,134,0.0
1593108032,1.12155,1.12155,0.0,0,1593108032014,134,0.0
1593108033,1.12159,1.12159,0.0,0,1593108033121,134,0.0
1593108035,1.1215600000000001,1.1215600000000001,0.0,0,1593108035246,134,0.0
1593108035,1.12152,1.12152,0.0,0,1593108035752,134,0.0
1593108036,1.12149,1.12149,0.0,0,1593108036340,134,0.0
1593108036,1.1215,1.1215,0.0,0,1593108036933,134,0.0
1593108037,1.12152,1.12152,0.0,0,1593108037443,134,0.0
1593108037,1.12155,1.12155,0.0,0,1593108037969,134,0.0
1593108038,1.12152,1.12152,0.0,0,1593108038478,134,0.0
1593108038,1.12151,1.12151,0.0,0,1593108038982,134,0.0
1593108039,1.12152,1.12152,0.0,0,1593108039541,134,0.0
1593108040,1.12154,1.12154,0.0,0,1593108040057,134,0.0
1593108040,1.12155,1.12155,0.0,0,1593108040592,134,0.0
1593108041,1.1216,1.1216,0.0,0,1593108041093,134,0.0
1593108042,1.12162,1.12162,0.0,0,1593108042152,134,0.0
1593108042,1.12149,1.12149,0.0,0,1593108042668,134,0.0
1593108043,1.12146,1.12147,0.0,0,1593108043203,134,0.0
1593108043,1.12145,1.12145,0.0,0,1593108043709,134,0.0
1593108044,1.12149,1.12149,0.0,0,1593108044731,134,0.0
1593108045,1.12151,1.12151,0.0,0,1593108045243,134,0.0
1593108046,1.12149,1.12149,0.0,0,1593108046300,134,0.0
1593108046,1.12148,1.12148,0.0,0,1593108046797,134,0.0
1593108047,1.12149,1.12149,0.0,0,1593108047375,134,0.0
1593108047,1.12147,1.12147,0.0,0,1593108047884,134,0.0
1593108048,1.12148,1.12148,0.0,0,1593108048411,134,0.0
1593108048,1.12145,1.12146,0.0,0,1593108048921,134,0.0
1593108049,1.12144,1.12144,0.0,0,1593108049443,134,0.0
1593108049,1.12144,1.12145,0.0,0,1593108049977,4,0.0
1593108050,1.12143,1.12144,0.0,0,1593108050497,134,0.0
1593108051,1.12143,1.12143,0.0,0,1593108051189,4,0.0
1593108051,1.12144,1.12145,0.0,0,1593108051714,134,0.0
1593108052,1.12143,1.12143,0.0,0,1593108052214,134,0.0
1593108052,1.12142,1.12143,0.0,0,1593108052726,130,0.0
1593108053,1.12142,1.12142,0.0,0,1593108053241,4,0.0
1593108053,1.12142,1.12143,0.0,0,1593108053801,4,0.0
1593108054,1.12143,1.12143,0.0,0,1593108054357,130,0.0
1593108055,1.1215,1.1215,0.0,0,1593108055458,134,0.0
1593108055,1.12149,1.1215,0.0,0,1593108055959,130,0.0
1593108058,1.12148,1.12148,0.0,0,1593108058519,134,0.0
1593108059,1.12152,1.12152,0.0,0,1593108059595,134,0.0
1593108060,1.12149,1.12149,0.0,0,1593108060138,134,0.0
1593108061,1.12147,1.12147,0.0,0,1593108061201,134,0.0
1593108061,1.12145,1.12145,0.0,0,1593108061762,134,0.0
1593108062,1.12147,1.12147,0.0,0,1593108062867,134,0.0
1593108063,1.12144,1.12144,0.0,0,1593108063376,134,0.0
1593108063,1.12143,1.12143,0.0,0,1593108063891,134,0.0
1593108065,1.12142,1.12142,0.0,0,1593108065698,134,0.0
1593108066,1.12144,1.12144,0.0,0,1593108066256,134,0.0
1593108066,1.12145,1.12145,0.0,0,1593108066787,134,0.0
1593108067,1.12146,1.12146,0.0,0,1593108067882,134,0.0
1593108068,1.12147,1.12147,0.0,0,1593108068389,134,0.0
1593108068,1.12148,1.12148,0.0,0,1593108068890,134,0.0
1593108069,1.12145,1.12145,0.0,0,1593108069393,134,0.0
1593108069,1.12143,1.12143,0.0,0,1593108069902,134,0.0
1593108071,1.12143,1.12144,0.0,0,1593108071008,4,0.0
1593108071,1.12143,1.12143,0.0,0,1593108071555,4,0.0
1593108072,1.12142,1.12142,0.0,0,1593108072600,134,0.0
1593108074,1.12141,1.12141,0.0,0,1593108074702,134,0.0
1593108075,1.1214,1.1214,0.0,0,1593108075302,134,0.0
1593108075,1.12135,1.12136,0.0,0,1593108075822,134,0.0
1593108076,1.12132,1.12132,0.0,0,1593108076325,134,0.0
1593108076,1.1213,1.1213,0.0,0,1593108076836,134,0.0
1593108077,1.12125,1.12125,0.0,0,1593108077345,134,0.0
1593108077,1.12127,1.12127,0.0,0,1593108077862,134,0.0
1593108079,1.12124,1.12124,0.0,0,1593108079475,134,0.0
1593108079,1.12125,1.12125,0.0,0,1593108079998,134,0.0
1593108080,1.12126,1.12126,0.0,0,1593108080642,134,0.0
1593108081,1.12127,1.12128,0.0,0,1593108081710,134,0.0
1593108082,1.12132,1.12132,0.0,0,1593108082269,134,0.0
1593108083,1.12133,1.12133,0.0,0,1593108083337,134,0.0
1593108083,1.12133,1.12134,0.0,0,1593108083862,4,0.0
1593108084,1.12134,1.12134,0.0,0,1593108084374,130,0.0
1593108084,1.12133,1.12133,0.0,0,1593108084896,134,0.0
1593108085,1.12132,1.12132,0.0,0,1593108085424,134,0.0
1593108085,1.1213,1.1213,0.0,0,1593108085962,134,0.0
1593108086,1.12128,1.12128,0.0,0,1593108086504,134,0.0
1593108087,1.12127,1.12128,0.0,0,1593108087007,130,0.0
1593108088,1.12126,1.12126,0.0,0,1593108088028,134,0.0
1593108089,1.12127,1.12127,0.0,0,1593108089561,134,0.0
1593108090,1.12131,1.12131,0.0,0,1593108090127,134,0.0
1593108090,1.12131,1.12132,0.0,0,1593108090627,4,0.0
1593108091,1.12132,1.12132,0.0,0,1593108091161,130,0.0
1593108091,1.12131,1.12132,0.0,0,1593108091720,130,0.0
1593108092,1.12132,1.12132,0.0,0,1593108092235,130,0.0
1593108094,1.12131,1.12131,0.0,0,1593108094875,134,0.0
1593108095,1.12127,1.12127,0.0,0,1593108095423,134,0.0
1593108095,1.12126,1.12126,0.0,0,1593108095927,134,0.0
1593108096,1.12125,1.12125,0.0,0,1593108096450,134,0.0
1593108096,1.12127,1.12127,0.0,0,1593108096962,134,0.0
1593108098,1.12123,1.12123,0.0,0,1593108098477,134,0.0
1593108099,1.12122,1.12122,0.0,0,1593108099015,134,0.0
1593108099,1.12121,1.12121,0.0,0,1593108099523,134,0.0
1593108100,1.12122,1.12122,0.0,0,1593108100044,134,0.0
1593108101,1.12126,1.12126,0.0,0,1593108101086,134,0.0
1593108101,1.12124,1.12124,0.0,0,1593108101588,134,0.0
1593108102,1.12123,1.12123,0.0,0,1593108102100,134,0.0
1593108102,1.12122,1.12122,0.0,0,1593108102607,134,0.0
1593108103,1.12121,1.12121,0.0,0,1593108103124,134,0.0
1593108103,1.12122,1.12122,0.0,0,1593108103637,134,0.0
1593108105,1.12121,1.12121,0.0,0,1593108105187,134,0.0
1593108105,1.12122,1.12122,0.0,0,1593108105734,134,0.0
1593108106,1.12123,1.12123,0.0,0,1593108106762,134,0.0
1593108107,1.12122,1.12122,0.0,0,1593108107367,134,0.0
1593108107,1.12121,1.12121,0.0,0,1593108107887,134,0.0
1593108108,1.1212,1.1212,0.0,0,1593108108419,134,0.0
1593108108,1.12123,1.12123,0.0,0,1593108108943,134,0.0
1593108114,1.12121,1.12122,0.0,0,1593108114585,134,0.0
1593108115,1.12121,1.12121,0.0,0,1593108115120,4,0.0
1593108115,1.12119,1.12119,0.0,0,1593108115643,134,0.0
1593108116,1.12123,1.12123,0.0,0,1593108116154,134,0.0
1593108117,1.12125,1.12125,0.0,0,1593108117227,134,0.0
1593108117,1.12129,1.12129,0.0,0,1593108117757,134,0.0
1593108118,1.12132,1.12132,0.0,0,1593108118816,134,0.0
1593108119,1.12133,1.12133,0.0,0,1593108119317,134,0.0
1593108120,1.12133,1.12133,0.0,0,1593108120056,130,0.0
1593108121,1.12138,1.1213899999999999,0.0,0,1593108121181,134,0.0
1593108121,1.12141,1.12141,0.0,0,1593108121711,134,0.0
1593108123,1.12141,1.12142,0.0,0,1593108123283,4,0.0
1593108124,1.12141,1.12141,0.0,0,1593108124320,4,0.0
1593108125,1.12142,1.12142,0.0,0,1593108125370,134,0.0
1593108125,1.12137,1.12138,0.0,0,1593108125913,134,0.0
1593108126,1.12137,1.12137,0.0,0,1593108126447,4,0.0
1593108126,1.12135,1.12135,0.0,0,1593108126960,134,0.0
1593108127,1.12133,1.12133,0.0,0,1593108127484,134,0.0
1593108128,1.12132,1.12132,0.0,0,1593108128004,134,0.0
1593108128,1.12132,1.12133,0.0,0,1593108128546,4,0.0
1593108129,1.12132,1.12132,0.0,0,1593108129076,4,0.0
1593108130,1.12131,1.12131,0.0,0,1593108130606,134,0.0
1593108131,1.12128,1.12128,0.0,0,1593108131656,134,0.0
1593108132,1.12129,1.12129,0.0,0,1593108132670,134,0.0
1593108133,1.12128,1.12128,0.0,0,1593108133182,134,0.0
1593108134,1.12127,1.12127,0.0,0,1593108134337,134,0.0
1593108135,1.12126,1.12127,0.0,0,1593108135410,130,0.0
1593108135,1.12128,1.12128,0.0,0,1593108135926,134,0.0
1593108136,1.12125,1.12125,0.0,0,1593108136431,134,0.0
1593108136,1.12129,1.12129,0.0,0,1593108136941,134,0.0
1593108137,1.12127,1.12127,0.0,0,1593108137442,134,0.0
1593108137,1.12129,1.12129,0.0,0,1593108137946,134,0.0
1593108138,1.12121,1.12121,0.0,0,1593108138454,134,0.0
1593108138,1.12124,1.12124,0.0,0,1593108138957,134,0.0
1593108139,1.12123,1.12123,0.0,0,1593108139470,134,0.0
1593108139,1.12124,1.12124,0.0,0,1593108139997,134,0.0
1593108146,1.12121,1.12122,0.0,0,1593108146019,134,0.0
1593108146,1.12121,1.12121,0.0,0,1593108146524,4,0.0
1593108147,1.12116,1.12116,0.0,0,1593108147583,134,0.0
1593108148,1.12115,1.12115,0.0,0,1593108148090,134,0.0
1593108151,1.12114,1.12115,0.0,0,1593108151832,130,0.0
1593108152,1.12114,1.12114,0.0,0,1593108152390,4,0.0
1593108153,1.12115,1.12115,0.0,0,1593108153507,134,0.0
1593108154,1.12114,1.12114,0.0,0,1593108154015,134,0.0
1593108154,1.12117,1.12117,0.0,0,1593108154521,134,0.0
1593108155,1.12118,1.12118,0.0,0,1593108155032,134,0.0
1593108156,1.12119,1.12119,0.0,0,1593108156713,134,0.0
1593108157,1.1212,1.1212,0.0,0,1593108157768,134,0.0
1593108158,1.12122,1.12122,0.0,0,1593108158811,134,0.0
1593108159,1.12124,1.12124,0.0,0,1593108159345,134,0.0
1593108160,1.12122,1.12122,0.0,0,1593108160409,134,0.0
1593108160,1.12119,1.12119,0.0,0,1593108160911,134,0.0
1593108162,1.1212,1.1212,0.0,0,1593108162449,134,0.0
1593108162,1.12119,1.12119,0.0,0,1593108162992,134,0.0
1593108163,1.1212,1.1212,0.0,0,1593108163560,134,0.0
1593108164,1.12124,1.12124,0.0,0,1593108164636,134,0.0
1593108165,1.12125,1.12125,0.0,0,1593108165662,134,0.0
1593108166,1.12123,1.12123,0.0,0,1593108166222,134,0.0
1593108167,1.12124,1.12124,0.0,0,1593108167292,134,0.0
1593108170,1.12125,1.12125,0.0,0,1593108170394,134,0.0
1593108171,1.12128,1.12128,0.0,0,1593108171973,134,0.0
1593108172,1.12138,1.12138,0.0,0,1593108172501,134,0.0
1593108173,1.1213899999999999,1.1213899999999999,0.0,0,1593108173014,134,0.0
1593108173,1.12141,1.12141,0.0,0,1593108173543,134,0.0
1593108174,1.1214,1.1214,0.0,0,1593108174052,134,0.0
1593108175,1.12144,1.12144,0.0,0,1593108175608,134,0.0
1593108176,1.12148,1.12148,0.0,0,1593108176135,134,0.0
1593108177,1.12144,1.12144,0.0,0,1593108177157,134,0.0
1593108177,1.12145,1.12145,0.0,0,1593108177726,134,0.0
1593108178,1.12147,1.12147,0.0,0,1593108178222,134,0.0
1593108178,1.1215,1.1215,0.0,0,1593108178751,134,0.0
1593108179,1.12151,1.12151,0.0,0,1593108179344,134,0.0
1593108179,1.12149,1.12149,0.0,0,1593108179856,134,0.0
1593108180,1.12149,1.12149,0.0,0,1593108180370,130,0.0
1593108180,1.1215,1.1215,0.0,0,1593108180910,134,0.0
1593108184,1.12149,1.1215,0.0,0,1593108184817,130,0.0
1593108185,1.1215,1.12151,0.0,0,1593108185931,134,0.0
1593108186,1.1215,1.1215,0.0,0,1593108186447,4,0.0
1593108187,1.12151,1.12151,0.0,0,1593108187513,134,0.0
1593108188,1.12154,1.12154,0.0,0,1593108188548,134,0.0
1593108189,1.1215600000000001,1.1215600000000001,0.0,0,1593108189778,134,0.0
1593108190,1.12155,1.1215600000000001,0.0,0,1593108190833,130,0.0
1593108191,1.12155,1.12155,0.0,0,1593108191628,4,0.0
1593108192,1.12159,1.12159,0.0,0,1593108192140,134,0.0
1593108192,1.12161,1.12161,0.0,0,1593108192652,134,0.0
1593108193,1.12162,1.12162,0.0,0,1593108193791,134,0.0
1593108196,1.12163,1.12163,0.0,0,1593108196046,134,0.0
1593108197,1.12166,1.12166,0.0,0,1593108197110,134,0.0
1593108198,1.12165,1.12165,0.0,0,1593108198155,134,0.0
1593108198,1.12164,1.12164,0.0,0,1593108198643,134,0.0
1593108199,1.12163,1.12163,0.0,0,1593108199146,134,0.0
1593108199,1.12162,1.12162,0.0,0,1593108199665,134,0.0
1593108200,1.12163,1.12163,0.0,0,1593108200690,134,0.0
1593108201,1.12165,1.12165,0.0,0,1593108201189,134,0.0
1593108202,1.12161,1.12161,0.0,0,1593108202721,134,0.0
1593108203,1.12157,1.12157,0.0,0,1593108203225,134,0.0
1593108204,1.12153,1.12153,0.0,0,1593108204330,134,0.0
1593108204,1.12147,1.12147,0.0,0,1593108204856,134,0.0
1593108205,1.12149,1.12149,0.0,0,1593108205380,134,0.0
1593108205,1.12152,1.12152,0.0,0,1593108205956,134,0.0
1593108206,1.12148,1.12148,0.0,0,1593108206466,134,0.0
1593108207,1.12144,1.12145,0.0,0,1593108207506,134,0.0
1593108208,1.12151,1.12151,0.0,0,1593108208046,134,0.0
1593108208,1.12152,1.12152,0.0,0,1593108208563,134,0.0
1593108211,1.12154,1.12154,0.0,0,1593108211215,134,0.0
1593108218,1.12155,1.12155,0.0,0,1593108218668,134,0.0
1593108219,1.12154,1.12154,0.0,0,1593108219247,134,0.0
1593108223,1.12155,1.12155,0.0,0,1593108223991,134,0.0
1593108224,1.1215600000000001,1.1215600000000001,0.0,0,1593108224497,134,0.0
1593108226,1.12157,1.12157,0.0,0,1593108226756,134,0.0
1593108227,1.12155,1.12155,0.0,0,1593108227304,134,0.0
1593108227,1.12154,1.12154,0.0,0,1593108227860,134,0.0
1593108229,1.12159,1.12159,0.0,0,1593108229418,134,0.0
1593108231,1.12158,1.12158,0.0,0,1593108231021,134,0.0
1593108232,1.1215600000000001,1.1215600000000001,0.0,0,1593108232589,134,0.0
1593108234,1.12157,1.12157,0.0,0,1593108234628,134,0.0
1593108235,1.1215600000000001,1.1215600000000001,0.0,0,1593108235739,134,0.0
1593108236,1.12157,1.12157,0.0,0,1593108236971,134,0.0
1593108238,1.12159,1.12159,0.0,0,1593108238056,134,0.0
1593108239,1.12158,1.12158,0.0,0,1593108239092,134,0.0
1593108240,1.12158,1.12159,0.0,0,1593108240184,134,0.0
1593108240,1.12159,1.12159,0.0,0,1593108240772,130,0.0
1593108245,1.1215600000000001,1.1215600000000001,0.0,0,1593108245980,134,0.0
1593108247,1.12154,1.12154,0.0,0,1593108247698,134,0.0
1593108248,1.12153,1.12153,0.0,0,1593108248356,134,0.0
1593108248,1.12154,1.12154,0.0,0,1593108248872,134,0.0
1593108249,1.12153,1.12153,0.0,0,1593108249367,134,0.0
1593108250,1.12154,1.12154,0.0,0,1593108250422,134,0.0
1593108251,1.12155,1.12155,0.0,0,1593108251939,134,0.0
1593108252,1.12154,1.12154,0.0,0,1593108252470,134,0.0
1593108255,1.12155,1.12155,0.0,0,1593108255197,134,0.0
1593108257,1.12154,1.12154,0.0,0,1593108257893,134,0.0
1593108259,1.12153,1.12153,0.0,0,1593108259646,134,0.0
1593108260,1.12154,1.12154,0.0,0,1593108260790,134,0.0
1593108263,1.1215600000000001,1.1215600000000001,0.0,0,1593108263517,134,0.0
1593108264,1.12155,1.12155,0.0,0,1593108264039,134,0.0
1593108265,1.12154,1.12154,0.0,0,1593108265156,134,0.0
1593108266,1.12153,1.12153,0.0,0,1593108266298,134,0.0
1593108268,1.12149,1.12149,0.0,0,1593108268497,134,0.0
1593108280,1.12148,1.12148,0.0,0,1593108280247,134,0.0
1593108280,1.12155,1.12155,0.0,0,1593108280773,134,0.0
1593108281,1.12158,1.12158,0.0,0,1593108281982,134,0.0
1593108283,1.12155,1.12155,0.0,0,1593108283631,134,0.0
1593108284,1.12161,1.12161,0.0,0,1593108284200,134,0.0
1593108287,1.12158,1.12158,0.0,0,1593108287178,134,0.0
1593108287,1.1215600000000001,1.12157,0.0,0,1593108287728,134,0.0
1593108288,1.12157,1.12157,0.0,0,1593108288976,130,0.0
1593108290,1.1215600000000001,1.12157,0.0,0,1593108290968,130,0.0
1593108291,1.12157,1.12157,0.0,0,1593108291610,130,0.0
1593108292,1.1215600000000001,1.12157,0.0,0,1593108292114,130,0.0
1593108294,1.1215600000000001,1.1215600000000001,0.0,0,1593108294049,4,0.0
1593108296,1.12155,1.12155,0.0,0,1593108296197,134,0.0
1593108296,1.12154,1.12155,0.0,0,1593108296722,130,0.0
1593108297,1.12155,1.12155,0.0,0,1593108297819,130,0.0
1593108298,1.1215,1.1215,0.0,0,1593108298960,134,0.0
1593108300,1.12148,1.12148,0.0,0,1593108300003,134,0.0
1593108302,1.12147,1.12147,0.0,0,1593108302167,134,0.0
1593108302,1.1215,1.1215,0.0,0,1593108302677,134,0.0
1593108303,1.12148,1.12148,0.0,0,1593108303727,134,0.0
1593108304,1.12149,1.12149,0.0,0,1593108304291,134,0.0
1593108304,1.12149,1.1215,0.0,0,1593108304814,4,0.0
1593108308,1.12149,1.12149,0.0,0,1593108308485,4,0.0
1593108309,1.12147,1.12147,0.0,0,1593108309644,134,0.0
1593108310,1.12145,1.12145,0.0,0,1593108310190,134,0.0
1593108310,1.12144,1.12145,0.0,0,1593108310695,130,0.0
1593108311,1.12145,1.12145,0.0,0,1593108311827,130,0.0
1593108312,1.12144,1.12144,0.0,0,1593108312374,134,0.0
1593108312,1.12142,1.12143,0.0,0,1593108312943,134,0.0
1593108313,1.12144,1.12144,0.0,0,1593108313451,134,0.0
1593108314,1.12145,1.12145,0.0,0,1593108314498,134,0.0
1593108315,1.12144,1.12144,0.0,0,1593108315013,134,0.0
1593108315,1.12145,1.12145,0.0,0,1593108315678,134,0.0
1593108316,1.12148,1.12148,0.0,0,1593108316210,134,0.0
1593108317,1.12144,1.12145,0.0,0,1593108317361,134,0.0
1593108317,1.12144,1.12144,0.0,0,1593108317861,4,0.0
1593108318,1.12145,1.12145,0.0,0,1593108318384,134,0.0
1593108319,1.12144,1.12144,0.0,0,1593108319416,134,0.0
1593108320,1.12148,1.12148,0.0,0,1593108320467,134,0.0
1593108320,1.12149,1.12149,0.0,0,1593108320998,134,0.0
1593108322,1.12145,1.12145,0.0,0,1593108322326,134,0.0
1593108323,1.12146,1.12146,0.0,0,1593108323338,134,0.0
1593108324,1.12145,1.12145,0.0,0,1593108324420,134,0.0
1593108324,1.12144,1.12145,0.0,0,1593108324978,130,0.0
1593108325,1.12147,1.12147,0.0,0,1593108325651,134,0.0
1593108326,1.12148,1.12148,0.0,0,1593108326195,134,0.0
1593108326,1.12147,1.12147,0.0,0,1593108326703,134,0.0
1593108327,1.12145,1.12145,0.0,0,1593108327764,134,0.0
1593108328,1.12144,1.12144,0.0,0,1593108328267,134,0.0
1593108329,1.12145,1.12145,0.0,0,1593108329341,134,0.0
1593108330,1.12146,1.12146,0.0,0,1593108330868,134,0.0
1593108331,1.12145,1.12145,0.0,0,1593108331401,134,0.0
1593108331,1.12147,1.12147,0.0,0,1593108331930,134,0.0
1593108335,1.12145,1.12145,0.0,0,1593108335157,134,0.0
1593108335,1.12147,1.12147,0.0,0,1593108335680,134,0.0
1593108336,1.12147,1.12148,0.0,0,1593108336791,4,0.0
1593108337,1.12148,1.12148,0.0,0,1593108337300,130,0.0
1593108340,1.12145,1.12145,0.0,0,1593108340200,134,0.0
1593108341,1.12144,1.12144,0.0,0,1593108341956,134,0.0
1593108342,1.12145,1.12145,0.0,0,1593108342518,134,0.0
1593108343,1.12146,1.12146,0.0,0,1593108343587,134,0.0
1593108345,1.12145,1.12145,0.0,0,1593108345162,134,0.0
1593108345,1.12144,1.12144,0.0,0,1593108345705,134,0.0
1593108346,1.12145,1.12145,0.0,0,1593108346261,134,0.0
1593108347,1.12144,1.12144,0.0,0,1593108347386,134,0.0
1593108347,1.12143,1.12143,0.0,0,1593108347894,134,0.0
1593108348,1.12142,1.12142,0.0,0,1593108348407,134,0.0
1593108352,1.12145,1.12145,0.0,0,1593108352454,134,0.0
1593108353,1.12144,1.12144,0.0,0,1593108353512,134,0.0
1593108355,1.12145,1.12145,0.0,0,1593108355180,134,0.0
1593108355,1.12144,1.12144,0.0,0,1593108355692,134,0.0
1593108358,1.12145,1.12145,0.0,0,1593108358384,134,0.0
1593108358,1.12148,1.12148,0.0,0,1593108358889,134,0.0
1593108360,1.12148,1.12148,0.0,0,1593108360042,130,0.0
1593108360,1.12149,1.12149,0.0,0,1593108360556,134,0.0
1593108361,1.12147,1.12147,0.0,0,1593108361101,134,0.0
1593108363,1.12146,1.12147,0.0,0,1593108363501,130,0.0
1593108364,1.12147,1.12147,0.0,0,1593108364764,130,0.0
1593108368,1.12149,1.12149,0.0,0,1593108368205,134,0.0
1593108368,1.12151,1.12151,0.0,0,1593108368712,134,0.0
1593108369,1.1215,1.1215,0.0,0,1593108369755,134,0.0
1593108370,1.12152,1.12152,0.0,0,1593108370255,134,0.0
1593108370,1.12157,1.12157,0.0,0,1593108370765,134,0.0
1593108371,1.12158,1.12158,0.0,0,1593108371272,134,0.0
1593108371,1.1215600000000001,1.1215600000000001,0.0,0,1593108371775,134,0.0
1593108373,1.12155,1.12155,0.0,0,1593108373336,134,0.0
1593108374,1.12154,1.12154,0.0,0,1593108374381,134,0.0
1593108374,1.12153,1.12153,0.0,0,1593108374890,134,0.0
1593108375,1.12155,1.12155,0.0,0,1593108375939,134,0.0
1593108379,1.12158,1.12158,0.0,0,1593108379793,134,0.0
1593108380,1.12159,1.12159,0.0,0,1593108380294,134,0.0
1593108381,1.12158,1.12158,0.0,0,1593108381310,134,0.0
1593108381,1.12157,1.12157,0.0,0,1593108381848,134,0.0
1593108382,1.12158,1.12158,0.0,0,1593108382394,134,0.0
1593108382,1.12162,1.12162,0.0,0,1593108382903,134,0.0
1593108389,1.12164,1.12164,0.0,0,1593108389174,134,0.0
1593108389,1.12163,1.12163,0.0,0,1593108389703,134,0.0
1593108393,1.12161,1.12161,0.0,0,1593108393861,134,0.0
1593108397,1.1216,1.1216,0.0,0,1593108397249,134,0.0
1593108400,1.12158,1.12158,0.0,0,1593108400147,134,0.0
1593108400,1.1216,1.1216,0.0,0,1593108400657,134,0.0
1593108401,1.12162,1.12162,0.0,0,1593108401164,134,0.0
1593108401,1.12163,1.12163,0.0,0,1593108401676,134,0.0
1593108403,1.12162,1.12163,0.0,0,1593108403361,130,0.0
1593108404,1.12163,1.12164,0.0,0,1593108404086,134,0.0
1593108405,1.12163,1.12163,0.0,0,1593108405169,4,0.0
1593108406,1.12162,1.12162,0.0,0,1593108406197,134,0.0
1593108406,1.12161,1.12161,0.0,0,1593108406699,134,0.0
1593108407,1.12163,1.12163,0.0,0,1593108407236,134,0.0
1593108407,1.12163,1.12164,0.0,0,1593108407793,4,0.0
1593108409,1.12164,1.12164,0.0,0,1593108409042,130,0.0
1593108413,1.12163,1.12163,0.0,0,1593108413186,134,0.0
1593108413,1.12165,1.12165,0.0,0,1593108413701,134,0.0
1593108414,1.12166,1.12166,0.0,0,1593108414230,134,0.0
1593108414,1.12165,1.12165,0.0,0,1593108414744,134,0.0
1593108416,1.12166,1.12166,0.0,0,1593108416392,134,0.0
1593108416,1.12168,1.12168,0.0,0,1593108416899,134,0.0
1593108420,1.12168,1.12168,0.0,0,1593108420167,130,0.0
1593108421,1.12171,1.12171,0.0,0,1593108421832,134,0.0
1593108422,1.12172,1.12172,0.0,0,1593108422352,134,0.0
1593108422,1.12173,1.12173,0.0,0,1593108422885,134,0.0
1593108425,1.1217,1.1217,0.0,0,1593108425084,134,0.0
1593108427,1.12169,1.12169,0.0,0,1593108427206,134,0.0
1593108428,1.12172,1.12172,0.0,0,1593108428098,134,0.0
1593108429,1.12171,1.12171,0.0,0,1593108429101,134,0.0
1593108429,1.12173,1.12173,0.0,0,1593108429687,134,0.0
1593108431,1.12171,1.12171,0.0,0,1593108431935,134,0.0
1593108433,1.12172,1.12172,0.0,0,1593108433061,134,0.0
1593108434,1.1217,1.1217,0.0,0,1593108434529,134,0.0
1593108435,1.12166,1.12166,0.0,0,1593108435065,134,0.0
1593108435,1.12168,1.12168,0.0,0,1593108435574,134,0.0
1593108437,1.12169,1.12169,0.0,0,1593108437467,134,0.0
1593108438,1.12168,1.12168,0.0,0,1593108438535,134,0.0
1593108440,1.12169,1.12169,0.0,0,1593108440066,134,0.0
1593108441,1.12169,1.1217,0.0,0,1593108441813,4,0.0
1593108442,1.12169,1.12169,0.0,0,1593108442378,4,0.0
1593108444,1.12171,1.12171,0.0,0,1593108444765,134,0.0
1593108445,1.12173,1.12173,0.0,0,1593108445269,134,0.0
1593108445,1.12175,1.12175,0.0,0,1593108445770,134,0.0
1593108446,1.12173,1.12173,0.0,0,1593108446788,134,0.0
1593108450,1.12174,1.12174,0.0,0,1593108450174,134,0.0
1593108450,1.12172,1.12172,0.0,0,1593108450726,134,0.0
1593108451,1.12174,1.12174,0.0,0,1593108451237,134,0.0
1593108457,1.12179,1.12179,0.0,0,1593108457982,134,0.0
1593108458,1.12178,1.12179,0.0,0,1593108458487,130,0.0
1593108459,1.12178,1.12178,0.0,0,1593108459608,4,0.0
1593108460,1.12179,1.12179,0.0,0,1593108460150,134,0.0
1593108460,1.12178,1.12178,0.0,0,1593108460650,134,0.0
1593108461,1.12179,1.12179,0.0,0,1593108461181,134,0.0
1593108461,1.12181,1.12181,0.0,0,1593108461683,134,0.0
1593108462,1.12184,1.12184,0.0,0,1593108462197,134,0.0
1593108463,1.12183,1.12183,0.0,0,1593108463726,134,0.0
1593108466,1.12184,1.12184,0.0,0,1593108466750,134,0.0
1593108471,1.12183,1.12184,0.0,0,1593108471852,130,0.0
1593108475,1.12183,1.12183,0.0,0,1593108475323,4,0.0
1593108475,1.12181,1.12181,0.0,0,1593108475832,134,0.0
1593108476,1.12171,1.12171,0.0,0,1593108476373,134,0.0
1593108476,1.12168,1.12168,0.0,0,1593108476904,134,0.0
1593108477,1.12165,1.12165,0.0,0,1593108477488,134,0.0
1593108478,1.12162,1.12162,0.0,0,1593108478046,134,0.0
1593108478,1.12161,1.12161,0.0,0,1593108478605,134,0.0
1593108479,1.12163,1.12163,0.0,0,1593108479120,134,0.0
1593108480,1.12159,1.12159,0.0,0,1593108480201,134,0.0
1593108480,1.12158,1.12158,0.0,0,1593108480709,134,0.0
1593108481,1.12155,1.12155,0.0,0,1593108481301,134,0.0
1593108481,1.12152,1.12152,0.0,0,1593108481727,134,0.0
1593108482,1.12153,1.12153,0.0,0,1593108482245,134,0.0
1593108484,1.12151,1.12151,0.0,0,1593108484893,134,0.0
1593108485,1.12149,1.12149,0.0,0,1593108485396,134,0.0
1593108485,1.12148,1.12148,0.0,0,1593108485903,134,0.0
1593108487,1.12149,1.12149,0.0,0,1593108487087,134,0.0
1593108487,1.12148,1.12148,0.0,0,1593108487610,134,0.0
1593108492,1.12149,1.12149,0.0,0,1593108492025,134,0.0
1593108492,1.12154,1.12154,0.0,0,1593108492528,134,0.0
1593108493,1.12158,1.12158,0.0,0,1593108493056,134,0.0
1593108493,1.12161,1.12161,0.0,0,1593108493797,134,0.0
1593108494,1.12163,1.12163,0.0,0,1593108494899,134,0.0
1593108497,1.12164,1.12164,0.0,0,1593108497290,134,0.0
1593108498,1.12161,1.12161,0.0,0,1593108498389,134,0.0
1593108498,1.12163,1.12163,0.0,0,1593108498909,134,0.0
1593108502,1.1216,1.1216,0.0,0,1593108502003,134,0.0
1593108502,1.12158,1.12158,0.0,0,1593108502520,134,0.0
1593108503,1.1215600000000001,1.1215600000000001,0.0,0,1593108503541,134,0.0
1593108504,1.12159,1.12159,0.0,0,1593108504042,134,0.0
1593108505,1.12158,1.12158,0.0,0,1593108505176,134,0.0
1593108507,1.12162,1.12162,0.0,0,1593108507851,134,0.0
1593108510,1.12163,1.12163,0.0,0,1593108510329,134,0.0
1593108511,1.12162,1.12162,0.0,0,1593108511401,134,0.0
1593108514,1.12163,1.12163,0.0,0,1593108514154,134,0.0
1593108518,1.12169,1.12169,0.0,0,1593108518007,134,0.0
1593108518,1.12173,1.12173,0.0,0,1593108518539,134,0.0
1593108519,1.12169,1.12169,0.0,0,1593108519041,134,0.0
1593108520,1.12174,1.12174,0.0,0,1593108520176,134,0.0
1593108520,1.12175,1.12175,0.0,0,1593108520696,134,0.0
1593108521,1.12174,1.12174,0.0,0,1593108521795,134,0.0
1593108522,1.12175,1.12175,0.0,0,1593108522297,134,0.0
1593108522,1.12174,1.12174,0.0,0,1593108522807,134,0.0
1593108523,1.12167,1.12167,0.0,0,1593108523830,134,0.0
1593108524,1.12167,1.12168,0.0,0,1593108524346,4,0.0
1593108524,1.12167,1.12167,0.0,0,1593108524952,4,0.0
1593108525,1.12168,1.12168,0.0,0,1593108525597,134,0.0
1593108526,1.12169,1.12169,0.0,0,1593108526635,134,0.0
1593108527,1.12168,1.12168,0.0,0,1593108527172,134,0.0
1593108527,1.12168,1.12169,0.0,0,1593108527716,4,0.0
1593108528,1.12169,1.12169,0.0,0,1593108528250,130,0.0
1593108528,1.1217,1.1217,0.0,0,1593108528771,134,0.0
1593108529,1.12169,1.12169,0.0,0,1593108529543,134,0.0
1593108530,1.12168,1.12169,0.0,0,1593108530229,130,0.0
1593108531,1.12169,1.12169,0.0,0,1593108531631,130,0.0
1593108532,1.12172,1.12172,0.0,0,1593108532141,134,0.0
1593108532,1.12173,1.12173,0.0,0,1593108532924,134,0.0
1593108539,1.12174,1.12174,0.0,0,1593108539600,134,0.0
1593108540,1.12178,1.12178,0.0,0,1593108540153,134,0.0
1593108540,1.12183,1.12183,0.0,0,1593108540665,134,0.0
1593108543,1.12186,1.12186,0.0,0,1593108543682,134,0.0
1593108544,1.12185,1.12185,0.0,0,1593108544244,134,0.0
1593108544,1.12186,1.12186,0.0,0,1593108544780,134,0.0
1593108545,1.12188,1.12188,0.0,0,1593108545290,134,0.0
1593108546,1.12185,1.12185,0.0,0,1593108546298,134,0.0
1593108548,1.12188,1.12188,0.0,0,1593108548973,134,0.0
1593108549,1.12187,1.12187,0.0,0,1593108549530,134,0.0
1593108550,1.12185,1.12185,0.0,0,1593108550063,134,0.0
1593108552,1.12184,1.12185,0.0,0,1593108552690,130,0.0
1593108553,1.12184,1.12184,0.0,0,1593108553741,4,0.0
1593108556,1.12183,1.12184,0.0,0,1593108556457,130,0.0
1593108557,1.12184,1.12184,0.0,0,1593108557826,130,0.0
1593108559,1.12182,1.12182,0.0,0,1593108559842,134,0.0
1593108560,1.12183,1.12183,0.0,0,1593108560362,134,0.0
1593108560,1.12186,1.12186,0.0,0,1593108560949,134,0.0
1593108561,1.12185,1.12185,0.0,0,1593108561481,134,0.0
1593108562,1.12187,1.12187,0.0,0,1593108562560,134,0.0
1593108563,1.12192,1.12192,0.0,0,1593108563138,134,0.0
1593108563,1.12191,1.12191,0.0,0,1593108563678,134,0.0
1593108565,1.12193,1.12193,0.0,0,1593108565879,134,0.0
1593108566,1.12192,1.12192,0.0,0,1593108566392,134,0.0
1593108567,1.12187,1.12187,0.0,0,1593108567065,134,0.0
1593108567,1.12188,1.12188,0.0,0,1593108567613,134,0.0
1593108568,1.12187,1.12187,0.0,0,1593108568122,134,0.0
1593108569,1.12185,1.12186,0.0,0,1593108569259,134,0.0
1593108569,1.12186,1.12186,0.0,0,1593108569953,130,0.0
1593108570,1.12185,1.12186,0.0,0,1593108570474,130,0.0
1593108571,1.12186,1.12186,0.0,0,1593108571160,130,0.0
1593108572,1.12185,1.12185,0.0,0,1593108572767,134,0.0
1593108576,1.12187,1.12187,0.0,0,1593108576005,134,0.0
1593108576,1.12188,1.12188,0.0,0,1593108576514,134,0.0
1593108580,1.12189,1.1219,0.0,0,1593108580322,134,0.0
1593108581,1.12188,1.12189,0.0,0,1593108581434,134,0.0
1593108582,1.12188,1.12188,0.0,0,1593108582730,4,0.0
1593108585,1.12188,1.12189,0.0,0,1593108585717,4,0.0
1593108586,1.12189,1.12189,0.0,0,1593108586411,130,0.0
1593108586,1.1219,1.1219,0.0,0,1593108586926,134,0.0
1593108588,1.12189,1.1219,0.0,0,1593108588092,130,0.0
1593108588,1.1219,1.1219,0.0,0,1593108588832,130,0.0
1593108589,1.12192,1.12192,0.0,0,1593108589443,134,0.0
1593108590,1.12191,1.12191,0.0,0,1593108590549,134,0.0
1593108592,1.12192,1.12193,0.0,0,1593108592212,134,0.0
1593108592,1.12191,1.12191,0.0,0,1593108592775,134,0.0
1593108593,1.1219,1.1219,0.0,0,1593108593298,134,0.0
1593108595,1.12193,1.12193,0.0,0,1593108595973,134,0.0
1593108597,1.12192,1.12192,0.0,0,1593108597741,134,0.0
1593108598,1.12187,1.12187,0.0,0,1593108598258,134,0.0
1593108599,1.12184,1.12184,0.0,0,1593108599618,134,0.0
1593108600,1.12184,1.12185,0.0,0,1593108600118,134,0.0
1593108601,1.12184,1.12184,0.0,0,1593108601277,4,0.0
1593108601,1.12183,1.12184,0.0,0,1593108601797,130,0.0
1593108602,1.12185,1.12185,0.0,0,1593108602357,134,0.0
1593108602,1.12184,1.12184,0.0,0,1593108602937,134,0.0
1593108609,1.12182,1.12182,0.0,0,1593108609345,134,0.0
1593108609,1.12183,1.12184,0.0,0,1593108609871,134,0.0
1593108610,1.12183,1.12183,0.0,0,1593108610428,4,0.0
1593108610,1.12182,1.12182,0.0,0,1593108610963,134,0.0
1593108612,1.12184,1.12184,0.0,0,1593108612003,134,0.0
1593108612,1.12182,1.12183,0.0,0,1593108612508,134,0.0
1593108613,1.12182,1.12182,0.0,0,1593108613015,4,0.0
1593108613,1.12181,1.12181,0.0,0,1593108613721,134,0.0
1593108614,1.12183,1.12183,0.0,0,1593108614811,134,0.0
1593108616,1.12184,1.12184,0.0,0,1593108616175,134,0.0
1593108617,1.12183,1.12184,0.0,0,1593108617192,130,0.0
1593108617,1.12184,1.12184,0.0,0,1593108617747,130,0.0
1593108618,1.12182,1.12182,0.0,0,1593108618286,134,0.0
1593108618,1.12186,1.12186,0.0,0,1593108618798,134,0.0
1593108619,1.12185,1.12185,0.0,0,1593108619824,134,0.0
1593108620,1.12183,1.12183,0.0,0,1593108620467,134,0.0
1593108620,1.12184,1.12184,0.0,0,1593108620967,134,0.0
1593108626,1.12187,1.12188,0.0,0,1593108626576,134,0.0
1593108627,1.12188,1.12188,0.0,0,1593108627080,130,0.0
1593108630,1.12188,1.12189,0.0,0,1593108630229,4,0.0
1593108630,1.12189,1.12189,0.0,0,1593108630784,130,0.0
1593108631,1.12188,1.12189,0.0,0,1593108631297,130,0.0
1593108631,1.12188,1.12188,0.0,0,1593108631833,4,0.0
1593108635,1.12192,1.12192,0.0,0,1593108635002,134,0.0
1593108635,1.12191,1.12192,0.0,0,1593108635539,130,0.0
1593108636,1.12188,1.12188,0.0,0,1593108636201,134,0.0
1593108636,1.12186,1.12186,0.0,0,1593108636717,134,0.0
1593108637,1.12185,1.12185,0.0,0,1593108637240,134,0.0
1593108637,1.12187,1.12187,0.0,0,1593108637748,134,0.0
1593108638,1.12188,1.12188,0.0,0,1593108638259,134,0.0
1593108639,1.12187,1.12187,0.0,0,1593108639328,134,0.0
1593108640,1.12188,1.12188,0.0,0,1593108640176,134,0.0
1593108642,1.12186,1.12186,0.0,0,1593108642740,134,0.0
1593108643,1.12185,1.12185,0.0,0,1593108643254,134,0.0
1593108644,1.12184,1.12185,0.0,0,1593108644862,130,0.0
1593108645,1.12184,1.12184,0.0,0,1593108645908,4,0.0
1593108649,1.12185,1.12185,0.0,0,1593108649827,134,0.0
1593108650,1.12188,1.12188,0.0,0,1593108650347,134,0.0
1593108650,1.12187,1.12187,0.0,0,1593108650854,134,0.0
1593108651,1.12185,1.12185,0.0,0,1593108651356,134,0.0
1593108654,1.12184,1.12184,0.0,0,1593108654776,134,0.0
1593108655,1.12185,1.12185,0.0,0,1593108655979,134,0.0
1593108657,1.12184,1.12184,0.0,0,1593108657094,134,0.0
1593108658,1.12185,1.12185,0.0,0,1593108658138,134,0.0
1593108658,1.12184,1.12184,0.0,0,1593108658715,134,0.0
1593108660,1.12183,1.12183,0.0,0,1593108660021,134,0.0
1593108660,1.12182,1.12182,0.0,0,1593108660547,134,0.0
1593108663,1.12177,1.12177,0.0,0,1593108663810,134,0.0
1593108664,1.12175,1.12175,0.0,0,1593108664957,134,0.0
1593108667,1.12174,1.12175,0.0,0,1593108667041,130,0.0
1593108667,1.12175,1.12175,0.0,0,1593108667544,130,0.0
1593108668,1.12176,1.12176,0.0,0,1593108668409,134,0.0
1593108669,1.12175,1.12175,0.0,0,1593108669451,134,0.0
1593108669,1.12174,1.12175,0.0,0,1593108669958,130,0.0
1593108670,1.12174,1.12174,0.0,0,1593108670464,4,0.0
1593108673,1.12174,1.12175,0.0,0,1593108673204,4,0.0
1593108674,1.12172,1.12172,0.0,0,1593108674822,134,0.0
1593108675,1.12168,1.12168,0.0,0,1593108675367,134,0.0
1593108676,1.12165,1.12165,0.0,0,1593108676935,134,0.0
1593108677,1.12162,1.12162,0.0,0,1593108677454,134,0.0
1593108680,1.12161,1.12161,0.0,0,1593108680225,134,0.0
1593108680,1.12162,1.12162,0.0,0,1593108680737,134,0.0
1593108681,1.12161,1.12161,0.0,0,1593108681243,134,0.0
1593108681,1.12159,1.12159,0.0,0,1593108681786,134,0.0
1593108682,1.12158,1.12158,0.0,0,1593108682306,134,0.0
1593108683,1.1215600000000001,1.1215600000000001,0.0,0,1593108683012,134,0.0
1593108683,1.12153,1.12153,0.0,0,1593108683518,134,0.0
1593108686,1.1215600000000001,1.1215600000000001,0.0,0,1593108686140,134,0.0
1593108686,1.12158,1.12158,0.0,0,1593108686656,134,0.0
1593108688,1.12163,1.12163,0.0,0,1593108688218,134,0.0
1593108688,1.1216,1.1216,0.0,0,1593108688729,134,0.0
1593108689,1.12159,1.12159,0.0,0,1593108689232,134,0.0
1593108689,1.12158,1.12158,0.0,0,1593108689749,134,0.0
1593108690,1.12157,1.12157,0.0,0,1593108690251,134,0.0
1593108690,1.12159,1.12159,0.0,0,1593108690765,134,0.0
1593108691,1.12155,1.12155,0.0,0,1593108691877,134,0.0
1593108693,1.1215600000000001,1.1215600000000001,0.0,0,1593108693477,134,0.0
1593108694,1.1216,1.1216,0.0,0,1593108694055,134,0.0
1593108694,1.12162,1.12162,0.0,0,1593108694567,134,0.0
1593108695,1.12163,1.12164,0.0,0,1593108695071,134,0.0
1593108696,1.12165,1.12165,0.0,0,1593108696111,134,0.0
1593108696,1.12163,1.12163,0.0,0,1593108696653,134,0.0
1593108697,1.12167,1.12167,0.0,0,1593108697772,134,0.0
1593108698,1.12169,1.12169,0.0,0,1593108698329,134,0.0
1593108699,1.12171,1.12171,0.0,0,1593108699984,134,0.0
1593108701,1.12168,1.12168,0.0,0,1593108701008,134,0.0
1593108702,1.12168,1.12169,0.0,0,1593108702742,4,0.0
1593108703,1.12164,1.12164,0.0,0,1593108703890,134,0.0
1593108704,1.12169,1.12169,0.0,0,1593108704936,134,0.0
1593108706,1.1217,1.1217,0.0,0,1593108706482,134,0.0
1593108708,1.12169,1.1217,0.0,0,1593108708162,130,0.0
1593108708,1.1217,1.1217,0.0,0,1593108708664,130,0.0
1593108709,1.12174,1.12174,0.0,0,1593108709820,134,0.0
1593108711,1.12175,1.12175,0.0,0,1593108711534,134,0.0
1593108712,1.12176,1.12176,0.0,0,1593108712094,134,0.0
1593108712,1.12175,1.12176,0.0,0,1593108712612,130,0.0
1593108714,1.12176,1.12176,0.0,0,1593108714664,130,0.0
1593108715,1.12178,1.12178,0.0,0,1593108715174,134,0.0
1593108716,1.12176,1.12176,0.0,0,1593108716886,134,0.0
1593108718,1.12178,1.12178,0.0,0,1593108718454,134,0.0
1593108719,1.12177,1.12177,0.0,0,1593108719478,134,0.0
1593108719,1.12176,1.12177,0.0,0,1593108719991,130,0.0
1593108720,1.12176,1.12177,0.0,0,1593108720540,130,0.0
1593108721,1.12179,1.12179,0.0,0,1593108721185,134,0.0
1593108723,1.12181,1.12181,0.0,0,1593108723396,134,0.0
1593108723,1.12185,1.12185,0.0,0,1593108723918,134,0.0
1593108724,1.12184,1.12185,0.0,0,1593108724436,130,0.0
1593108724,1.12185,1.12185,0.0,0,1593108724951,130,0.0
1593108727,1.12186,1.12186,0.0,0,1593108727363,134,0.0
1593108727,1.12192,1.12192,0.0,0,1593108727924,134,0.0
1593108728,1.1219,1.1219,0.0,0,1593108728500,134,0.0
1593108729,1.12189,1.12189,0.0,0,1593108729506,134,0.0
1593108730,1.1219,1.1219,0.0,0,1593108730009,134,0.0
1593108732,1.12193,1.12193,0.0,0,1593108732141,134,0.0
1593108732,1.12196,1.12196,0.0,0,1593108732701,134,0.0
1593108733,1.12195,1.12195,0.0,0,1593108733250,134,0.0
1593108733,1.12196,1.12197,0.0,0,1593108733890,134,0.0
1593108734,1.12198,1.12198,0.0,0,1593108734407,134,0.0
1593108734,1.1219999999999999,1.1219999999999999,0.0,0,1593108734937,134,0.0
1593108735,1.12198,1.12198,0.0,0,1593108735439,134,0.0
1593108736,1.12196,1.12196,0.0,0,1593108736475,134,0.0
1593108737,1.12195,1.12195,0.0,0,1593108737027,134,0.0
1593108739,1.12194,1.12195,0.0,0,1593108739062,130,0.0
1593108739,1.12191,1.12191,0.0,0,1593108739579,134,0.0
1593108740,1.12189,1.1219,0.0,0,1593108740090,134,0.0
1593108740,1.12194,1.12194,0.0,0,1593108740674,134,0.0
1593108741,1.12191,1.12191,0.0,0,1593108741700,134,0.0
1593108742,1.1219,1.1219,0.0,0,1593108742257,134,0.0
1593108742,1.12193,1.12194,0.0,0,1593108742764,134,0.0
1593108743,1.12195,1.12195,0.0,0,1593108743271,134,0.0
1593108743,1.12194,1.12194,0.0,0,1593108743889,134,0.0
1593108744,1.12194,1.12195,0.0,0,1593108744396,4,0.0
1593108745,1.12195,1.12195,0.0,0,1593108745023,130,0.0
1593108745,1.12193,1.12193,0.0,0,1593108745537,134,0.0
1593108746,1.12195,1.12195,0.0,0,1593108746601,134,0.0
1593108747,1.12193,1.12193,0.0,0,1593108747665,134,0.0
1593108748,1.12194,1.12194,0.0,0,1593108748176,134,0.0
1593108749,1.12193,1.12193,0.0,0,1593108749320,134,0.0
1593108749,1.12193,1.12194,0.0,0,1593108749856,4,0.0
1593108750,1.12194,1.12194,0.0,0,1593108750373,130,0.0
1593108753,1.12199,1.12199,0.0,0,1593108753154,134,0.0
1593108753,1.12199,1.1219999999999999,0.0,0,1593108753657,4,0.0
1593108754,1.1219999999999999,1.1219999999999999,0.0,0,1593108754157,130,0.0
1593108754,1.12199,1.12199,0.0,0,1593108754918,134,0.0
1593108755,1.12198,1.12198,0.0,0,1593108755432,134,0.0
1593108756,1.12199,1.12199,0.0,0,1593108756564,134,0.0
1593108759,1.1219999999999999,1.1219999999999999,0.0,0,1593108759231,134,0.0
1593108759,1.12202,1.12202,0.0,0,1593108759758,134,0.0
1593108760,1.12204,1.12204,0.0,0,1593108760268,134,0.0
1593108760,1.12205,1.12205,0.0,0,1593108760802,134,0.0
1593108761,1.12203,1.12203,0.0,0,1593108761548,134,0.0
1593108762,1.12204,1.12204,0.0,0,1593108762572,134,0.0
1593108764,1.12204,1.12205,0.0,0,1593108764088,4,0.0
1593108764,1.12202,1.12202,0.0,0,1593108764690,134,0.0
1593108765,1.12198,1.12198,0.0,0,1593108765196,134,0.0
1593108767,1.12198,1.12199,0.0,0,1593108767921,4,0.0
1593108768,1.12198,1.12198,0.0,0,1593108768494,4,0.0
1593108768,1.12199,1.1219999999999999,0.0,0,1593108768999,134,0.0
1593108769,1.12202,1.12203,0.0,0,1593108769543,134,0.0
1593108770,1.12203,1.12203,0.0,0,1593108770110,130,0.0
1593108770,1.12202,1.12202,0.0,0,1593108770613,134,0.0
1593108771,1.12208,1.12208,0.0,0,1593108771177,134,0.0
1593108771,1.1221,1.1221,0.0,0,1593108771713,134,0.0
1593108772,1.12209,1.12209,0.0,0,1593108772256,134,0.0
1593108773,1.12208,1.12208,0.0,0,1593108773543,134,0.0
1593108774,1.12212,1.12212,0.0,0,1593108774045,134,0.0
1593108774,1.12215,1.12215,0.0,0,1593108774557,134,0.0
1593108777,1.12219,1.12219,0.0,0,1593108777208,134,0.0
1593108777,1.12209,1.12209,0.0,0,1593108777784,134,0.0
1593108778,1.12208,1.12208,0.0,0,1593108778308,134,0.0
1593108780,1.12207,1.12207,0.0,0,1593108780257,134,0.0
1593108780,1.12208,1.12208,0.0,0,1593108780777,134,0.0
1593108782,1.12207,1.12207,0.0,0,1593108782394,134,0.0
1593108782,1.12208,1.12208,0.0,0,1593108782910,134,0.0
1593108783,1.12204,1.12204,0.0,0,1593108783988,134,0.0
1593108784,1.12206,1.12206,0.0,0,1593108784492,134,0.0
1593108785,1.12205,1.12205,0.0,0,1593108785499,134,0.0
1593108786,1.12204,1.12204,0.0,0,1593108786534,134,0.0
1593108787,1.12205,1.12205,0.0,0,1593108787045,134,0.0
1593108788,1.12204,1.12204,0.0,0,1593108788192,134,0.0
1593108788,1.12207,1.12207,0.0,0,1593108788823,134,0.0
1593108789,1.12208,1.12208,0.0,0,1593108789331,134,0.0
1593108790,1.12208,1.12209,0.0,0,1593108790911,4,0.0
1593108792,1.12209,1.12209,0.0,0,1593108792026,130,0.0
1593108792,1.12211,1.12211,0.0,0,1593108792558,134,0.0
1593108793,1.12213,1.12214,0.0,0,1593108793587,134,0.0
1593108794,1.1221700000000001,1.1221700000000001,0.0,0,1593108794118,134,0.0
1593108794,1.12215,1.12216,0.0,0,1593108794638,134,0.0
1593108795,1.12219,1.12219,0.0,0,1593108795193,134,0.0
1593108795,1.12218,1.12219,0.0,0,1593108795717,130,0.0
1593108796,1.1221700000000001,1.1221700000000001,0.0,0,1593108796226,134,0.0
1593108796,1.12215,1.12215,0.0,0,1593108796742,134,0.0
1593108797,1.12216,1.1221700000000001,0.0,0,1593108797819,134,0.0
1593108799,1.12215,1.12215,0.0,0,1593108799990,134,0.0
1593108800,1.12214,1.12215,0.0,0,1593108800581,130,0.0
1593108801,1.12213,1.12213,0.0,0,1593108801122,134,0.0
1593108803,1.12215,1.12215,0.0,0,1593108803469,134,0.0
1593108804,1.12212,1.12213,0.0,0,1593108804664,134,0.0
1593108805,1.12212,1.12212,0.0,0,1593108805246,4,0.0
1593108806,1.12214,1.12214,0.0,0,1593108806347,134,0.0
1593108806,1.12216,1.12216,0.0,0,1593108806852,134,0.0
1593108807,1.1221700000000001,1.1221700000000001,0.0,0,1593108807368,134,0.0
1593108808,1.12216,1.12216,0.0,0,1593108808458,134,0.0
1593108809,1.12215,1.12216,0.0,0,1593108809576,130,0.0
1593108811,1.12214,1.12214,0.0,0,1593108811308,134,0.0
1593108811,1.12213,1.12213,0.0,0,1593108811813,134,0.0
1593108813,1.12212,1.12212,0.0,0,1593108813368,134,0.0
1593108813,1.12213,1.12213,0.0,0,1593108813876,134,0.0
1593108816,1.12211,1.12212,0.0,0,1593108816377,134,0.0
1593108818,1.12212,1.12212,0.0,0,1593108818462,130,0.0
1593108819,1.12213,1.12213,0.0,0,1593108819325,134,0.0
1593108819,1.1221700000000001,1.1221700000000001,0.0,0,1593108819833,134,0.0
1593108820,1.12216,1.1221700000000001,0.0,0,1593108820337,130,0.0
1593108822,1.1221700000000001,1.12218,0.0,0,1593108822779,134,0.0
1593108823,1.12216,1.12216,0.0,0,1593108823417,134,0.0
1593108826,1.12216,1.1221700000000001,0.0,0,1593108826063,4,0.0
1593108827,1.12216,1.12216,0.0,0,1593108827163,4,0.0
1593108829,1.12218,1.12218,0.0,0,1593108829037,134,0.0
1593108830,1.1221700000000001,1.12218,0.0,0,1593108830126,130,0.0
1593108830,1.12216,1.12216,0.0,0,1593108830649,134,0.0
1593108831,1.12213,1.12213,0.0,0,1593108831172,134,0.0
1593108832,1.12212,1.12213,0.0,0,1593108832217,130,0.0
1593108832,1.12215,1.12215,0.0,0,1593108832822,134,0.0
1593108836,1.1221700000000001,1.1221700000000001,0.0,0,1593108836656,134,0.0
1593108837,1.12216,1.12216,0.0,0,1593108837659,134,0.0
1593108838,1.12215,1.12215,0.0,0,1593108838161,134,0.0
1593108840,1.12215,1.12215,0.0,0,1593108840396,130,0.0
1593108845,1.12213,1.12213,0.0,0,1593108845680,134,0.0
1593108846,1.12212,1.12212,0.0,0,1593108846716,134,0.0
1593108848,1.12214,1.12214,0.0,0,1593108848741,134,0.0
1593108849,1.12215,1.12215,0.0,0,1593108849300,134,0.0
1593108850,1.12214,1.12214,0.0,0,1593108850324,134,0.0
1593108852,1.12214,1.12215,0.0,0,1593108852657,4,0.0
1593108854,1.12213,1.12213,0.0,0,1593108854393,134,0.0
1593108854,1.12215,1.12215,0.0,0,1593108854927,134,0.0
1593108855,1.12214,1.12215,0.0,0,1593108855450,130,0.0
1593108855,1.12213,1.12213,0.0,0,1593108855968,134,0.0
1593108860,1.1221,1.1221,0.0,0,1593108860491,134,0.0
1593108860,1.12209,1.12209,0.0,0,1593108860997,134,0.0
1593108862,1.12211,1.12211,0.0,0,1593108862055,134,0.0
1593108862,1.12213,1.12213,0.0,0,1593108862591,134,0.0
1593108864,1.12214,1.12214,0.0,0,1593108864232,134,0.0
1593108866,1.12211,1.12211,0.0,0,1593108866919,134,0.0
1593108867,1.1221,1.1221,0.0,0,1593108867435,134,0.0
1593108867,1.12207,1.12207,0.0,0,1593108867990,134,0.0
1593108868,1.12205,1.12205,0.0,0,1593108868494,134,0.0
1593108869,1.12204,1.12205,0.0,0,1593108869520,130,0.0
1593108870,1.12205,1.12205,0.0,0,1593108870126,130,0.0
1593108871,1.12204,1.12205,0.0,0,1593108871151,130,0.0
1593108871,1.12205,1.12205,0.0,0,1593108871946,130,0.0
1593108873,1.12204,1.12205,0.0,0,1593108873053,130,0.0
1593108875,1.12204,1.12204,0.0,0,1593108875362,4,0.0
1593108879,1.12205,1.12205,0.0,0,1593108879311,134,0.0
1593108880,1.12208,1.12208,0.0,0,1593108880390,134,0.0
1593108880,1.12209,1.12209,0.0,0,1593108880904,134,0.0
1593108883,1.12205,1.12205,0.0,0,1593108883107,134,0.0
1593108884,1.1221,1.1221,0.0,0,1593108884124,134,0.0
1593108884,1.12209,1.12209,0.0,0,1593108884648,134,0.0
1593108885,1.12208,1.12209,0.0,0,1593108885751,130,0.0
1593108886,1.12209,1.12209,0.0,0,1593108886272,130,0.0
1593108888,1.12208,1.12209,0.0,0,1593108888474,130,0.0
1593108888,1.12209,1.12209,0.0,0,1593108888976,130,0.0
1593108890,1.12208,1.12208,0.0,0,1593108890567,134,0.0
1593108893,1.12209,1.12209,0.0,0,1593108893382,134,0.0
1593108894,1.12208,1.12208,0.0,0,1593108894536,134,0.0
1593108895,1.12209,1.12209,0.0,0,1593108895038,134,0.0
1593108895,1.12208,1.12208,0.0,0,1593108895572,134,0.0
1593108897,1.12207,1.12207,0.0,0,1593108897697,134,0.0
1593108898,1.12205,1.12205,0.0,0,1593108898749,134,0.0
1593108899,1.12201,1.12202,0.0,0,1593108899319,134,0.0
1593108900,1.12201,1.12202,0.0,0,1593108900020,130,0.0
1593108900,1.1219999999999999,1.1219999999999999,0.0,0,1593108900571,134,0.0
1593108901,1.12197,1.12197,0.0,0,1593108901095,134,0.0
1593108902,1.12195,1.12195,0.0,0,1593108902236,134,0.0
1593108904,1.12193,1.12193,0.0,0,1593108904325,134,0.0
1593108906,1.12191,1.12191,0.0,0,1593108906535,134,0.0
1593108907,1.12193,1.12193,0.0,0,1593108907042,134,0.0
1593108908,1.12192,1.12192,0.0,0,1593108908060,134,0.0
1593108908,1.1219,1.1219,0.0,0,1593108908608,134,0.0
1593108912,1.12187,1.12187,0.0,0,1593108912382,134,0.0
1593108914,1.12188,1.12188,0.0,0,1593108914154,134,0.0
1593108920,1.12188,1.12189,0.0,0,1593108920942,4,0.0
1593108922,1.12188,1.12188,0.0,0,1593108922544,4,0.0
1593108923,1.12191,1.12191,0.0,0,1593108923133,134,0.0
1593108923,1.12192,1.12192,0.0,0,1593108923645,134,0.0
1593108924,1.12193,1.12193,0.0,0,1593108924360,134,0.0
1593108924,1.12195,1.12195,0.0,0,1593108924866,134,0.0
1593108925,1.12194,1.12194,0.0,0,1593108925897,134,0.0
1593108926,1.12195,1.12195,0.0,0,1593108926396,134,0.0
1593108926,1.12196,1.12196,0.0,0,1593108926901,134,0.0
1593108927,1.12195,1.12195,0.0,0,1593108927419,134,0.0
1593108927,1.12196,1.12196,0.0,0,1593108927978,134,0.0
1593108929,1.12193,1.12193,0.0,0,1593108929119,134,0.0
1593108930,1.12191,1.12191,0.0,0,1593108930688,134,0.0
1593108933,1.12192,1.12192,0.0,0,1593108933115,134,0.0
1593108933,1.12193,1.12193,0.0,0,1593108933625,134,0.0
1593108934,1.12191,1.12192,0.0,0,1593108934178,134,0.0
1593108936,1.12193,1.12193,0.0,0,1593108936243,134,0.0
1593108939,1.1219,1.1219,0.0,0,1593108939131,134,0.0
1593108941,1.1219,1.12191,0.0,0,1593108941783,4,0.0
1593108942,1.12191,1.12191,0.0,0,1593108942297,130,0.0
1593108942,1.12189,1.12189,0.0,0,1593108942806,134,0.0
1593108943,1.12186,1.12186,0.0,0,1593108943330,134,0.0
1593108943,1.12187,1.12187,0.0,0,1593108943848,134,0.0
1593108944,1.12186,1.12186,0.0,0,1593108944374,134,0.0
1593108944,1.12185,1.12185,0.0,0,1593108944895,134,0.0
1593108945,1.12186,1.12186,0.0,0,1593108945955,134,0.0
1593108947,1.12185,1.12186,0.0,0,1593108947497,130,0.0
1593108949,1.12185,1.12185,0.0,0,1593108949552,4,0.0
1593108950,1.12186,1.12186,0.0,0,1593108950094,134,0.0
1593108950,1.12187,1.12187,0.0,0,1593108950660,134,0.0
1593108951,1.12186,1.12186,0.0,0,1593108951198,134,0.0
1593108951,1.12184,1.12185,0.0,0,1593108951722,134,0.0
1593108952,1.12181,1.12181,0.0,0,1593108952904,134,0.0
1593108953,1.1218,1.1218,0.0,0,1593108953419,134,0.0
1593108954,1.12181,1.12181,0.0,0,1593108954565,134,0.0
1593108956,1.1218,1.1218,0.0,0,1593108956799,134,0.0
1593108958,1.12181,1.12181,0.0,0,1593108958896,134,0.0
1593108959,1.12183,1.12183,0.0,0,1593108959397,134,0.0
1593108959,1.12184,1.12184,0.0,0,1593108959913,134,0.0
1593108960,1.12184,1.12184,0.0,0,1593108960433,130,0.0
1593108964,1.12182,1.12182,0.0,0,1593108964210,134,0.0
1593108964,1.12178,1.12178,0.0,0,1593108964825,134,0.0
1593108965,1.12179,1.12179,0.0,0,1593108965366,134,0.0
1593108966,1.12182,1.12182,0.0,0,1593108966436,134,0.0
1593108966,1.12183,1.12183,0.0,0,1593108966988,134,0.0
1593108968,1.12182,1.12182,0.0,0,1593108968493,134,0.0
1593108974,1.12185,1.12185,0.0,0,1593108974063,134,0.0
1593108976,1.12184,1.12184,0.0,0,1593108976164,134,0.0
1593108976,1.12183,1.12183,0.0,0,1593108976668,134,0.0
1593108979,1.12184,1.12184,0.0,0,1593108979059,134,0.0
1593108979,1.12185,1.12185,0.0,0,1593108979570,134,0.0
1593108981,1.12186,1.12186,0.0,0,1593108981739,134,0.0
1593108987,1.12189,1.12189,0.0,0,1593108987378,134,0.0
1593108987,1.12188,1.12188,0.0,0,1593108987883,134,0.0
1593108989,1.12187,1.12187,0.0,0,1593108989024,134,0.0
1593108989,1.12185,1.12185,0.0,0,1593108989546,134,0.0
1593108990,1.12183,1.12183,0.0,0,1593108990546,134,0.0
1593108993,1.12183,1.12184,0.0,0,1593108993161,4,0.0
1593108995,1.12185,1.12185,0.0,0,1593108995060,134,0.0
1593108995,1.12188,1.12188,0.0,0,1593108995634,134,0.0
1593108997,1.12192,1.12193,0.0,0,1593108997222,134,0.0
1593108997,1.12191,1.12191,0.0,0,1593108997755,134,0.0
1593108998,1.12192,1.12192,0.0,0,1593108998282,134,0.0
1593108999,1.12191,1.12191,0.0,0,1593108999345,134,0.0
1593109002,1.12192,1.12192,0.0,0,1593109002514,134,0.0
1593109003,1.12191,1.12191,0.0,0,1593109003600,134,0.0
1593109005,1.12192,1.12192,0.0,0,1593109005440,134,0.0
1593109006,1.12192,1.12193,0.0,0,1593109006861,4,0.0
1593109007,1.1219,1.1219,0.0,0,1593109007535,134,0.0
1593109010,1.12189,1.12189,0.0,0,1593109010273,134,0.0
1593109014,1.1219,1.1219,0.0,0,1593109014186,134,0.0
1593109014,1.12189,1.12189,0.0,0,1593109014694,134,0.0
1593109020,1.12189,1.12189,0.0,0,1593109020124,130,0.0
1593109020,1.12187,1.12187,0.0,0,1593109020651,134,0.0
1593109021,1.12189,1.12189,0.0,0,1593109021215,134,0.0
1593109022,1.12188,1.12189,0.0,0,1593109022422,130,0.0
1593109025,1.12192,1.12192,0.0,0,1593109025543,134,0.0
1593109026,1.12191,1.12191,0.0,0,1593109026069,134,0.0
1593109026,1.12191,1.12192,0.0,0,1593109026704,4,0.0
1593109027,1.12192,1.12192,0.0,0,1593109027284,130,0.0
1593109027,1.12191,1.12191,0.0,0,1593109027800,134,0.0
1593109029,1.12194,1.12194,0.0,0,1593109029347,134,0.0
1593109031,1.12193,1.12193,0.0,0,1593109031581,134,0.0
1593109032,1.12192,1.12192,0.0,0,1593109032107,134,0.0
1593109034,1.12191,1.12191,0.0,0,1593109034978,134,0.0
1593109036,1.1219,1.1219,0.0,0,1593109036031,134,0.0
1593109037,1.12189,1.12189,0.0,0,1593109037035,134,0.0
1593109039,1.12188,1.12188,0.0,0,1593109039255,134,0.0
1593109039,1.12188,1.12189,0.0,0,1593109039762,4,0.0
1593109044,1.12191,1.12192,0.0,0,1593109044072,134,0.0
1593109044,1.1219,1.1219,0.0,0,1593109044601,134,0.0
1593109045,1.12187,1.12187,0.0,0,1593109045172,134,0.0
1593109045,1.12186,1.12186,0.0,0,1593109045674,134,0.0
1593109049,1.12188,1.12188,0.0,0,1593109049853,134,0.0
1593109050,1.12187,1.12187,0.0,0,1593109050359,134,0.0
1593109050,1.12188,1.12189,0.0,0,1593109050908,134,0.0
1593109051,1.12188,1.12188,0.0,0,1593109051529,4,0.0
1593109052,1.12188,1.12189,0.0,0,1593109052036,4,0.0
1593109053,1.12188,1.12188,0.0,0,1593109053295,4,0.0
1593109057,1.12186,1.12186,0.0,0,1593109057597,134,0.0
1593109058,1.12187,1.12188,0.0,0,1593109058139,134,0.0
1593109058,1.12188,1.12188,0.0,0,1593109058712,130,0.0
1593109060,1.12185,1.12185,0.0,0,1593109060410,134,0.0
1593109060,1.12187,1.12188,0.0,0,1593109060924,134,0.0
1593109061,1.12188,1.12188,0.0,0,1593109061648,130,0.0
1593109062,1.12189,1.12189,0.0,0,1593109062662,134,0.0
1593109063,1.12189,1.1219,0.0,0,1593109063170,4,0.0
1593109063,1.12195,1.12195,0.0,0,1593109063695,134,0.0
1593109073,1.12196,1.12196,0.0,0,1593109073521,134,0.0
1593109074,1.12197,1.12197,0.0,0,1593109074065,134,0.0
1593109076,1.12197,1.12198,0.0,0,1593109076937,4,0.0
1593109077,1.12197,1.12197,0.0,0,1593109077466,4,0.0
1593109077,1.12196,1.12197,0.0,0,1593109077990,130,0.0
1593109078,1.12196,1.12196,0.0,0,1593109078631,4,0.0
1593109079,1.12199,1.12199,0.0,0,1593109079195,134,0.0
1593109080,1.12199,1.12199,0.0,0,1593109080241,130,0.0
1593109081,1.12196,1.12197,0.0,0,1593109081367,134,0.0
1593109081,1.12196,1.12196,0.0,0,1593109081840,4,0.0
1593109082,1.12197,1.12197,0.0,0,1593109082405,134,0.0
1593109082,1.12196,1.12196,0.0,0,1593109082935,134,0.0
1593109083,1.12197,1.12197,0.0,0,1593109083457,134,0.0
1593109083,1.12198,1.12198,0.0,0,1593109083963,134,0.0
1593109086,1.12194,1.12195,0.0,0,1593109086581,134,0.0
1593109087,1.12195,1.12195,0.0,0,1593109087082,130,0.0
1593109088,1.12196,1.12196,0.0,0,1593109088797,134,0.0
1593109089,1.12193,1.12193,0.0,0,1593109089337,134,0.0
1593109090,1.12193,1.12194,0.0,0,1593109090423,4,0.0
1593109090,1.12193,1.12193,0.0,0,1593109090992,4,0.0
1593109095,1.1219,1.1219,0.0,0,1593109095085,134,0.0
1593109095,1.12187,1.12187,0.0,0,1593109095594,134,0.0
1593109097,1.12186,1.12186,0.0,0,1593109097207,134,0.0
1593109097,1.12187,1.12187,0.0,0,1593109097799,134,0.0
1593109098,1.12182,1.12183,0.0,0,1593109098865,134,0.0
1593109099,1.12182,1.12182,0.0,0,1593109099400,4,0.0
1593109099,1.12179,1.12179,0.0,0,1593109099919,134,0.0
1593109100,1.1218,1.1218,0.0,0,1593109100956,134,0.0
1593109102,1.12184,1.12184,0.0,0,1593109102177,134,0.0
1593109103,1.12184,1.12185,0.0,0,1593109103302,4,0.0
1593109103,1.12184,1.12184,0.0,0,1593109103881,4,0.0
1593109105,1.12187,1.12187,0.0,0,1593109105424,134,0.0
1593109106,1.12188,1.12189,0.0,0,1593109106580,134,0.0
1593109107,1.12189,1.12189,0.0,0,1593109107089,130,0.0
1593109108,1.12188,1.12189,0.0,0,1593109108230,130,0.0
1593109110,1.12189,1.12189,0.0,0,1593109110046,130,0.0
1593109111,1.12188,1.12188,0.0,0,1593109111243,134,0.0
1593109111,1.12185,1.12186,0.0,0,1593109111776,134,0.0
1593109112,1.12185,1.12185,0.0,0,1593109112308,4,0.0
1593109114,1.12184,1.12184,0.0,0,1593109114759,134,0.0
1593109115,1.12185,1.12185,0.0,0,1593109115271,134,0.0
1593109115,1.12186,1.12186,0.0,0,1593109115777,134,0.0
1593109116,1.12185,1.12186,0.0,0,1593109116301,130,0.0
1593109116,1.12185,1.12185,0.0,0,1593109116858,4,0.0
1593109117,1.12185,1.12186,0.0,0,1593109117986,4,0.0
1593109119,1.12186,1.12187,0.0,0,1593109119359,134,0.0
1593109119,1.12185,1.12186,0.0,0,1593109119908,134,0.0
1593109120,1.12185,1.12185,0.0,0,1593109120484,4,0.0
1593109122,1.12184,1.12184,0.0,0,1593109122317,134,0.0
1593109123,1.12185,1.12185,0.0,0,1593109123469,134,0.0
1593109124,1.12188,1.12188,0.0,0,1593109124609,134,0.0
1593109125,1.12188,1.12189,0.0,0,1593109125682,4,0.0
1593109127,1.12189,1.12189,0.0,0,1593109127110,130,0.0
1593109127,1.1219,1.1219,0.0,0,1593109127631,134,0.0
1593109129,1.12186,1.12187,0.0,0,1593109129887,134,0.0
1593109131,1.12187,1.12187,0.0,0,1593109131148,130,0.0
1593109138,1.12184,1.12184,0.0,0,1593109138333,134,0.0
1593109138,1.12185,1.12185,0.0,0,1593109138835,134,0.0
1593109139,1.12185,1.12186,0.0,0,1593109139964,4,0.0
1593109140,1.12186,1.12187,0.0,0,1593109140475,134,0.0
1593109141,1.12186,1.12186,0.0,0,1593109141408,4,0.0
1593109142,1.12185,1.12185,0.0,0,1593109142007,134,0.0
1593109142,1.12186,1.12186,0.0,0,1593109142571,134,0.0
1593109143,1.12185,1.12185,0.0,0,1593109143829,134,0.0
1593109144,1.12184,1.12184,0.0,0,1593109144384,134,0.0
1593109148,1.12185,1.12186,0.0,0,1593109148142,134,0.0
1593109148,1.1219,1.1219,0.0,0,1593109148655,134,0.0
1593109151,1.1219,1.12191,0.0,0,1593109151224,4,0.0
1593109152,1.12187,1.12187,0.0,0,1593109152585,134,0.0
1593109154,1.12186,1.12186,0.0,0,1593109154185,134,0.0
1593109154,1.12185,1.12185,0.0,0,1593109154689,134,0.0
1593109155,1.12186,1.12186,0.0,0,1593109155748,134,0.0
1593109156,1.12185,1.12185,0.0,0,1593109156275,134,0.0
1593109157,1.12185,1.12186,0.0,0,1593109157836,4,0.0
1593109158,1.12188,1.12188,0.0,0,1593109158433,134,0.0
1593109158,1.1219,1.1219,0.0,0,1593109158933,134,0.0
1593109160,1.12191,1.12191,0.0,0,1593109160194,134,0.0
1593109160,1.12195,1.12195,0.0,0,1593109160713,134,0.0
1593109162,1.12195,1.12196,0.0,0,1593109162367,4,0.0
1593109162,1.12196,1.12196,0.0,0,1593109162942,130,0.0
1593109163,1.12195,1.12196,0.0,0,1593109163458,130,0.0
1593109164,1.12196,1.12197,0.0,0,1593109164194,134,0.0
1593109165,1.12196,1.12196,0.0,0,1593109165861,4,0.0
1593109169,1.12196,1.12197,0.0,0,1593109169043,4,0.0
1593109172,1.12196,1.12196,0.0,0,1593109172202,4,0.0
1593109173,1.12196,1.12197,0.0,0,1593109173810,4,0.0
1593109178,1.12199,1.12199,0.0,0,1593109178735,134,0.0
1593109179,1.12203,1.12203,0.0,0,1593109179285,134,0.0
1593109179,1.12201,1.12202,0.0,0,1593109179791,134,0.0
1593109180,1.12203,1.12203,0.0,0,1593109180316,134,0.0
1593109180,1.12204,1.12204,0.0,0,1593109180967,134,0.0
1593109182,1.12203,1.12204,0.0,0,1593109182534,130,0.0
1593109183,1.12204,1.12204,0.0,0,1593109183557,130,0.0
1593109184,1.12205,1.12205,0.0,0,1593109184630,134,0.0
1593109185,1.12204,1.12204,0.0,0,1593109185352,134,0.0
1593109187,1.12199,1.12199,0.0,0,1593109187041,134,0.0
1593109188,1.12198,1.12198,0.0,0,1593109188676,134,0.0
1593109189,1.12199,1.12199,0.0,0,1593109189972,134,0.0
1593109190,1.12201,1.12202,0.0,0,1593109190479,134,0.0
1593109191,1.12202,1.12202,0.0,0,1593109191539,130,0.0
1593109192,1.12205,1.12205,0.0,0,1593109192294,134,0.0
1593109192,1.12201,1.12201,0.0,0,1593109192808,134,0.0
1593109193,1.12199,1.12199,0.0,0,1593109193312,134,0.0
1593109193,1.12198,1.12198,0.0,0,1593109193823,134,0.0
1593109196,1.12201,1.12201,0.0,0,1593109196158,134,0.0
1593109196,1.12202,1.12203,0.0,0,1593109196745,134,0.0
1593109197,1.12207,1.12207,0.0,0,1593109197272,134,0.0
1593109197,1.12211,1.12211,0.0,0,1593109197837,134,0.0
1593109198,1.12213,1.12213,0.0,0,1593109198344,134,0.0
1593109198,1.12214,1.12214,0.0,0,1593109198856,134,0.0
1593109199,1.12212,1.12212,0.0,0,1593109199393,134,0.0
1593109200,1.12207,1.12207,0.0,0,1593109200471,134,0.0
1593109201,1.12205,1.12205,0.0,0,1593109201033,134,0.0
1593109201,1.12207,1.12207,0.0,0,1593109201565,134,0.0
1593109202,1.12208,1.12208,0.0,0,1593109202074,134,0.0
1593109203,1.12207,1.12207,0.0,0,1593109203175,134,0.0
1593109207,1.12208,1.12208,0.0,0,1593109207670,134,0.0
1593109208,1.12207,1.12207,0.0,0,1593109208706,134,0.0
1593109210,1.12206,1.12206,0.0,0,1593109210106,134,0.0
1593109212,1.12209,1.12209,0.0,0,1593109212741,134,0.0
1593109213,1.12208,1.12208,0.0,0,1593109213273,134,0.0
1593109213,1.12206,1.12206,0.0,0,1593109213808,134,0.0
1593109214,1.12203,1.12204,0.0,0,1593109214375,134,0.0
1593109215,1.12203,1.12203,0.0,0,1593109215436,4,0.0
1593109215,1.12199,1.1219999999999999,0.0,0,1593109215947,134,0.0
1593109216,1.12203,1.12203,0.0,0,1593109216504,134,0.0
1593109217,1.12204,1.12205,0.0,0,1593109217008,134,0.0
1593109218,1.12205,1.12205,0.0,0,1593109218081,130,0.0
1593109223,1.12203,1.12203,0.0,0,1593109223306,134,0.0
1593109223,1.1219999999999999,1.12201,0.0,0,1593109223841,134,0.0
1593109224,1.12201,1.12202,0.0,0,1593109224363,134,0.0
1593109224,1.12202,1.12202,0.0,0,1593109224908,130,0.0
1593109225,1.12201,1.12201,0.0,0,1593109225469,134,0.0
1593109225,1.1219999999999999,1.1219999999999999,0.0,0,1593109225996,134,0.0
1593109226,1.12197,1.12197,0.0,0,1593109226506,134,0.0
1593109227,1.12198,1.12198,0.0,0,1593109227067,134,0.0
1593109227,1.12196,1.12196,0.0,0,1593109227638,134,0.0
1593109228,1.12195,1.12195,0.0,0,1593109228808,134,0.0
1593109230,1.12197,1.12197,0.0,0,1593109230039,134,0.0
1593109230,1.12199,1.12199,0.0,0,1593109230568,134,0.0
1593109232,1.1219999999999999,1.1219999999999999,0.0,0,1593109232461,134,0.0
1593109234,1.12203,1.12203,0.0,0,1593109234756,134,0.0
1593109235,1.12205,1.12205,0.0,0,1593109235800,134,0.0
1593109236,1.12204,1.12205,0.0,0,1593109236890,130,0.0
1593109237,1.12206,1.12206,0.0,0,1593109237473,134,0.0
1593109240,1.12204,1.12204,0.0,0,1593109240427,134,0.0
1593109241,1.12205,1.12205,0.0,0,1593109241457,134,0.0
1593109244,1.12207,1.12207,0.0,0,1593109244140,134,0.0
1593109244,1.12206,1.12206,0.0,0,1593109244642,134,0.0
1593109245,1.12205,1.12206,0.0,0,1593109245288,130,0.0
1593109245,1.12209,1.12209,0.0,0,1593109245896,134,0.0
1593109248,1.12209,1.1221,0.0,0,1593109248190,4,0.0
1593109248,1.1221,1.1221,0.0,0,1593109248722,130,0.0
1593109249,1.12214,1.12214,0.0,0,1593109249239,134,0.0
1593109250,1.12213,1.12213,0.0,0,1593109250326,134,0.0
1593109250,1.12212,1.12212,0.0,0,1593109250830,134,0.0
1593109251,1.12211,1.12211,0.0,0,1593109251899,134,0.0
1593109255,1.12209,1.12209,0.0,0,1593109255232,134,0.0
1593109256,1.12207,1.12207,0.0,0,1593109256356,134,0.0
1593109258,1.12208,1.12209,0.0,0,1593109258550,134,0.0
1593109259,1.12211,1.12211,0.0,0,1593109259781,134,0.0
1593109260,1.12211,1.12211,0.0,0,1593109260349,130,0.0
1593109260,1.1221,1.12211,0.0,0,1593109260882,130,0.0
1593109262,1.12215,1.12216,0.0,0,1593109262134,134,0.0
1593109262,1.12216,1.12216,0.0,0,1593109262671,130,0.0
1593109263,1.12215,1.12216,0.0,0,1593109263966,130,0.0
1593109264,1.12212,1.12212,0.0,0,1593109264639,134,0.0
1593109265,1.12213,1.12213,0.0,0,1593109265727,134,0.0
1593109266,1.12215,1.12215,0.0,0,1593109266250,134,0.0
1593109267,1.12215,1.12216,0.0,0,1593109267447,4,0.0
1593109268,1.12215,1.12215,0.0,0,1593109268734,4,0.0
1593109275,1.12215,1.12216,0.0,0,1593109275524,4,0.0
1593109280,1.12219,1.12219,0.0,0,1593109280942,134,0.0
1593109283,1.1221700000000001,1.1221700000000001,0.0,0,1593109283635,134,0.0
1593109284,1.12216,1.12216,0.0,0,1593109284712,134,0.0
1593109286,1.1221700000000001,1.1221700000000001,0.0,0,1593109286340,134,0.0
1593109290,1.12216,1.12216,0.0,0,1593109290475,134,0.0
1593109290,1.1222,1.1222,0.0,0,1593109290984,134,0.0
1593109292,1.12219,1.12219,0.0,0,1593109292068,134,0.0
1593109292,1.1222,1.1222,0.0,0,1593109292570,134,0.0
1593109295,1.1221700000000001,1.1221700000000001,0.0,0,1593109295681,134,0.0
1593109296,1.12216,1.12216,0.0,0,1593109296186,134,0.0
1593109301,1.12219,1.12219,0.0,0,1593109301234,134,0.0
1593109302,1.12218,1.12218,0.0,0,1593109302763,134,0.0
1593109305,1.12219,1.12219,0.0,0,1593109305017,134,0.0
1593109307,1.12222,1.12222,0.0,0,1593109307057,134,0.0
1593109308,1.12218,1.12218,0.0,0,1593109308350,134,0.0
1593109308,1.12214,1.12214,0.0,0,1593109308867,134,0.0
1593109313,1.12215,1.12215,0.0,0,1593109313654,134,0.0
1593109315,1.12216,1.1221700000000001,0.0,0,1593109315351,134,0.0
1593109317,1.12215,1.12215,0.0,0,1593109317430,134,0.0
1593109318,1.12216,1.12216,0.0,0,1593109318558,134,0.0
1593109320,1.12216,1.12216,0.0,0,1593109320033,130,0.0
1593109322,1.12218,1.12218,0.0,0,1593109322318,134,0.0
1593109322,1.12222,1.12222,0.0,0,1593109322820,134,0.0
1593109323,1.12221,1.12221,0.0,0,1593109323364,134,0.0
1593109323,1.12219,1.12219,0.0,0,1593109323893,134,0.0
1593109324,1.1222,1.1222,0.0,0,1593109324462,134,0.0
1593109324,1.12224,1.12224,0.0,0,1593109324997,134,0.0
1593109325,1.12225,1.12225,0.0,0,1593109325508,134,0.0
1593109328,1.12223,1.12223,0.0,0,1593109328657,134,0.0
1593109329,1.12222,1.12222,0.0,0,1593109329297,134,0.0
1593109330,1.12223,1.12223,0.0,0,1593109330887,134,0.0
1593109333,1.12222,1.12222,0.0,0,1593109333484,134,0.0
1593109334,1.12221,1.12221,0.0,0,1593109334491,134,0.0
1593109335,1.12219,1.1222,0.0,0,1593109335002,134,0.0
1593109336,1.12216,1.12216,0.0,0,1593109336550,134,0.0
1593109337,1.12215,1.12215,0.0,0,1593109337076,134,0.0
1593109337,1.12214,1.12214,0.0,0,1593109337599,134,0.0
1593109338,1.12215,1.12215,0.0,0,1593109338124,134,0.0
1593109338,1.12216,1.12216,0.0,0,1593109338662,134,0.0
1593109339,1.12215,1.12216,0.0,0,1593109339202,130,0.0
1593109340,1.12216,1.1221700000000001,0.0,0,1593109340484,134,0.0
1593109341,1.12215,1.12216,0.0,0,1593109341683,134,0.0
1593109343,1.1222,1.1222,0.0,0,1593109343545,134,0.0
1593109347,1.12216,1.1221700000000001,0.0,0,1593109347023,134,0.0
1593109347,1.12218,1.12218,0.0,0,1593109347524,134,0.0
1593109348,1.1221700000000001,1.12218,0.0,0,1593109348612,130,0.0
1593109349,1.1221700000000001,1.1221700000000001,0.0,0,1593109349144,4,0.0
1593109350,1.12218,1.12218,0.0,0,1593109350191,134,0.0
1593109350,1.1223,1.1223,0.0,0,1593109350694,134,0.0
1593109352,1.12229,1.12229,0.0,0,1593109352929,134,0.0
1593109354,1.1223,1.1223,0.0,0,1593109354977,134,0.0
1593109355,1.12231,1.12231,0.0,0,1593109355997,134,0.0
1593109357,1.12231,1.12232,0.0,0,1593109357810,4,0.0
1593109358,1.12238,1.12238,0.0,0,1593109358400,134,0.0
1593109358,1.12237,1.12238,0.0,0,1593109358912,130,0.0
1593109359,1.12237,1.12237,0.0,0,1593109359419,4,0.0
1593109359,1.12236,1.12237,0.0,0,1593109359960,130,0.0
1593109360,1.12237,1.12237,0.0,0,1593109360489,130,0.0
1593109361,1.12238,1.12239,0.0,0,1593109361079,134,0.0
1593109361,1.12241,1.12241,0.0,0,1593109361633,134,0.0
1593109362,1.12244,1.12244,0.0,0,1593109362190,134,0.0
1593109362,1.12241,1.12241,0.0,0,1593109362703,134,0.0
1593109366,1.12238,1.12238,0.0,0,1593109366418,134,0.0
1593109367,1.12237,1.12237,0.0,0,1593109367486,134,0.0
1593109370,1.12236,1.12237,0.0,0,1593109370400,130,0.0
1593109370,1.12234,1.12234,0.0,0,1593109370962,134,0.0
1593109371,1.12236,1.12236,0.0,0,1593109371471,134,0.0
1593109373,1.12231,1.12231,0.0,0,1593109373135,134,0.0
1593109374,1.12233,1.12233,0.0,0,1593109374213,134,0.0
1593109375,1.12235,1.12235,0.0,0,1593109375347,134,0.0
1593109377,1.12235,1.12236,0.0,0,1593109377764,4,0.0
1593109378,1.12235,1.12235,0.0,0,1593109378278,4,0.0
1593109378,1.12235,1.12236,0.0,0,1593109378828,4,0.0
1593109379,1.12235,1.12235,0.0,0,1593109379370,4,0.0
1593109379,1.12235,1.12236,0.0,0,1593109379930,4,0.0
1593109380,1.12236,1.12236,0.0,0,1593109380440,130,0.0
1593109383,1.12237,1.12237,0.0,0,1593109383223,134,0.0
1593109383,1.12236,1.12236,0.0,0,1593109383740,134,0.0
1593109384,1.12235,1.12236,0.0,0,1593109384775,130,0.0
1593109386,1.12237,1.12237,0.0,0,1593109386924,134,0.0
1593109388,1.1224,1.1224,0.0,0,1593109388531,134,0.0
1593109391,1.12237,1.12237,0.0,0,1593109391140,134,0.0
1593109393,1.12236,1.12236,0.0,0,1593109393247,134,0.0
1593109395,1.12235,1.12236,0.0,0,1593109395921,130,0.0
1593109396,1.12235,1.12235,0.0,0,1593109396444,4,0.0
1593109399,1.12231,1.12231,0.0,0,1593109399544,134,0.0
1593109400,1.12234,1.12234,0.0,0,1593109400053,134,0.0
1593109402,1.12233,1.12234,0.0,0,1593109402415,130,0.0
1593109402,1.12235,1.12235,0.0,0,1593109402939,134,0.0
1593109404,1.12234,1.12234,0.0,0,1593109404060,134,0.0
1593109406,1.12233,1.12233,0.0,0,1593109406148,134,0.0
1593109406,1.12232,1.12232,0.0,0,1593109406564,134,0.0
1593109407,1.12231,1.12232,0.0,0,1593109407108,130,0.0
1593109407,1.12234,1.12234,0.0,0,1593109407643,134,0.0
1593109410,1.12233,1.12233,0.0,0,1593109410428,134,0.0
1593109411,1.12234,1.12234,0.0,0,1593109411999,134,0.0
1593109412,1.12234,1.12235,0.0,0,1593109412515,4,0.0
1593109413,1.12233,1.12233,0.0,0,1593109413028,134,0.0
1593109414,1.12235,1.12235,0.0,0,1593109414035,134,0.0
1593109415,1.12238,1.12238,0.0,0,1593109415151,134,0.0
1593109417,1.1224,1.1224,0.0,0,1593109417836,134,0.0
1593109419,1.12239,1.12239,0.0,0,1593109419527,134,0.0
1593109420,1.12237,1.12237,0.0,0,1593109420034,134,0.0
1593109420,1.12238,1.12238,0.0,0,1593109420567,134,0.0
1593109421,1.1224,1.1224,0.0,0,1593109421588,134,0.0
1593109422,1.12241,1.12241,0.0,0,1593109422779,134,0.0
1593109423,1.12239,1.12239,0.0,0,1593109423803,134,0.0
1593109426,1.1224,1.1224,0.0,0,1593109426161,134,0.0
1593109428,1.12241,1.12241,0.0,0,1593109428443,134,0.0
1593109431,1.1224,1.1224,0.0,0,1593109431162,134,0.0
1593109433,1.12241,1.12241,0.0,0,1593109433129,134,0.0
1593109434,1.1224,1.1224,0.0,0,1593109434385,134,0.0
1593109436,1.12239,1.12239,0.0,0,1593109436652,134,0.0
1593109440,1.12239,1.12239,0.0,0,1593109440039,130,0.0
1593109442,1.1224,1.1224,0.0,0,1593109442666,134,0.0
1593109443,1.12235,1.12235,0.0,0,1593109443472,134,0.0
1593109443,1.12236,1.12236,0.0,0,1593109443992,134,0.0
1593109444,1.12238,1.12238,0.0,0,1593109444523,134,0.0
1593109446,1.12237,1.12237,0.0,0,1593109446182,134,0.0
1593109446,1.12238,1.12238,0.0,0,1593109446734,134,0.0
1593109447,1.12233,1.12233,0.0,0,1593109447271,134,0.0
1593109448,1.12234,1.12234,0.0,0,1593109448278,134,0.0
1593109449,1.12235,1.12235,0.0,0,1593109449351,134,0.0
1593109450,1.12236,1.12236,0.0,0,1593109450626,134,0.0
1593109454,1.12237,1.12237,0.0,0,1593109454935,134,0.0
1593109455,1.12236,1.12236,0.0,0,1593109455434,134,0.0
1593109456,1.12235,1.12235,0.0,0,1593109456475,134,0.0
1593109457,1.12235,1.12236,0.0,0,1593109457034,4,0.0
1593109458,1.12235,1.12235,0.0,0,1593109458463,4,0.0
1593109459,1.12234,1.12234,0.0,0,1593109459498,134,0.0
1593109460,1.12235,1.12235,0.0,0,1593109460533,134,0.0
1593109461,1.12234,1.12234,0.0,0,1593109461045,134,0.0
1593109461,1.12233,1.12233,0.0,0,1593109461596,134,0.0
1593109462,1.12237,1.12237,0.0,0,1593109462197,134,0.0
1593109463,1.12234,1.12234,0.0,0,1593109463240,134,0.0
1593109464,1.12233,1.12233,0.0,0,1593109464846,134,0.0
1593109465,1.12235,1.12235,0.0,0,1593109465548,134,0.0
1593109468,1.12234,1.12234,0.0,0,1593109468526,134,0.0
1593109470,1.12235,1.12235,0.0,0,1593109470875,134,0.0
1593109472,1.12236,1.12236,0.0,0,1593109472638,134,0.0
1593109473,1.12237,1.12237,0.0,0,1593109473751,134,0.0
1593109474,1.12236,1.12236,0.0,0,1593109474334,134,0.0
1593109474,1.12235,1.12235,0.0,0,1593109474843,134,0.0
1593109476,1.12233,1.12233,0.0,0,1593109476126,134,0.0
1593109476,1.12232,1.12232,0.0,0,1593109476627,134,0.0
1593109477,1.12234,1.12234,0.0,0,1593109477162,134,0.0
1593109477,1.12233,1.12233,0.0,0,1593109477670,134,0.0
1593109478,1.12231,1.12231,0.0,0,1593109478962,134,0.0
1593109485,1.12232,1.12232,0.0,0,1593109485540,134,0.0
1593109486,1.12235,1.12235,0.0,0,1593109486048,134,0.0
1593109486,1.12236,1.12236,0.0,0,1593109486641,134,0.0
1593109487,1.12235,1.12235,0.0,0,1593109487187,134,0.0
1593109488,1.12234,1.12235,0.0,0,1593109488240,130,0.0
1593109488,1.12233,1.12233,0.0,0,1593109488742,134,0.0
1593109489,1.12234,1.12234,0.0,0,1593109489318,134,0.0
1593109490,1.12232,1.12232,0.0,0,1593109490510,134,0.0
1593109491,1.12233,1.12233,0.0,0,1593109491518,134,0.0
1593109493,1.12235,1.12235,0.0,0,1593109493665,134,0.0
1593109494,1.12233,1.12233,0.0,0,1593109494185,134,0.0
1593109494,1.12235,1.12235,0.0,0,1593109494693,134,0.0
1593109495,1.12234,1.12234,0.0,0,1593109495882,134,0.0
1593109496,1.12235,1.12235,0.0,0,1593109496896,134,0.0
1593109498,1.12238,1.12238,0.0,0,1593109498708,134,0.0
1593109499,1.1224,1.1224,0.0,0,1593109499290,134,0.0
1593109500,1.1224,1.1224,0.0,0,1593109500415,130,0.0
1593109508,1.12239,1.12239,0.0,0,1593109508007,134,0.0
1593109509,1.12235,1.12235,0.0,0,1593109509609,134,0.0
1593109510,1.12234,1.12234,0.0,0,1593109510123,134,0.0
1593109511,1.12232,1.12232,0.0,0,1593109511418,134,0.0
1593109511,1.12233,1.12233,0.0,0,1593109511977,134,0.0
1593109512,1.12235,1.12235,0.0,0,1593109512521,134,0.0
1593109515,1.12234,1.12235,0.0,0,1593109515160,130,0.0
1593109516,1.12234,1.12234,0.0,0,1593109516295,4,0.0
1593109518,1.12233,1.12234,0.0,0,1593109518023,130,0.0
1593109518,1.12234,1.12234,0.0,0,1593109518623,130,0.0
1593109520,1.12231,1.12231,0.0,0,1593109520900,134,0.0
1593109521,1.12233,1.12233,0.0,0,1593109521407,134,0.0
1593109521,1.12234,1.12234,0.0,0,1593109521912,134,0.0
1593109526,1.12233,1.12234,0.0,0,1593109526189,130,0.0
1593109526,1.12234,1.12234,0.0,0,1593109526738,130,0.0
1593109530,1.12235,1.12235,0.0,0,1593109530406,134,0.0
1593109534,1.12234,1.12235,0.0,0,1593109534119,130,0.0
1593109535,1.12234,1.12234,0.0,0,1593109535379,4,0.0
1593109538,1.12233,1.12233,0.0,0,1593109538455,134,0.0
1593109538,1.12231,1.12231,0.0,0,1593109538970,134,0.0
1593109542,1.12234,1.12234,0.0,0,1593109542912,134,0.0
1593109543,1.12232,1.12232,0.0,0,1593109543966,134,0.0
1593109544,1.12231,1.12231,0.0,0,1593109544539,134,0.0
1593109546,1.12229,1.12229,0.0,0,1593109546767,134,0.0
1593109547,1.12233,1.12233,0.0,0,1593109547269,134,0.0
1593109549,1.12235,1.12235,0.0,0,1593109549022,134,0.0
1593109549,1.12234,1.12234,0.0,0,1593109549520,134,0.0
1593109551,1.12233,1.12233,0.0,0,1593109551231,134,0.0
1593109551,1.12231,1.12231,0.0,0,1593109551771,134,0.0
1593109554,1.1223,1.1223,0.0,0,1593109554235,134,0.0
1593109554,1.12233,1.12234,0.0,0,1593109554765,134,0.0
1593109555,1.12234,1.12234,0.0,0,1593109555460,130,0.0
1593109558,1.12235,1.12235,0.0,0,1593109558929,134,0.0
1593109560,1.12235,1.12235,0.0,0,1593109560020,130,0.0
1593109561,1.12234,1.12234,0.0,0,1593109561315,134,0.0
1593109562,1.12234,1.12235,0.0,0,1593109562952,4,0.0
1593109564,1.12239,1.12239,0.0,0,1593109564195,134,0.0
1593109566,1.12238,1.12239,0.0,0,1593109566572,130,0.0
1593109567,1.12238,1.12238,0.0,0,1593109567090,4,0.0
1593109569,1.12237,1.12237,0.0,0,1593109569303,134,0.0
1593109569,1.12236,1.12236,0.0,0,1593109569808,134,0.0
1593109575,1.12238,1.12238,0.0,0,1593109575572,134,0.0
1593109576,1.12238,1.12239,0.0,0,1593109576093,4,0.0
1593109576,1.12239,1.12239,0.0,0,1593109576609,130,0.0
1593109577,1.1224,1.1224,0.0,0,1593109577184,134,0.0
1593109577,1.12239,1.12239,0.0,0,1593109577793,134,0.0
1593109579,1.12242,1.12242,0.0,0,1593109579314,134,0.0
1593109579,1.12241,1.12241,0.0,0,1593109579934,134,0.0
1593109580,1.12242,1.12242,0.0,0,1593109580480,134,0.0
1593109583,1.1224,1.1224,0.0,0,1593109583561,134,0.0
1593109584,1.12239,1.12239,0.0,0,1593109584161,134,0.0
1593109586,1.12236,1.12236,0.0,0,1593109586585,134,0.0
1593109587,1.12236,1.12237,0.0,0,1593109587093,4,0.0
1593109587,1.12236,1.12236,0.0,0,1593109587618,4,0.0
1593109588,1.12235,1.12236,0.0,0,1593109588139,130,0.0
1593109589,1.12245,1.12245,0.0,0,1593109589318,134,0.0
1593109591,1.12251,1.12251,0.0,0,1593109591986,134,0.0
1593109593,1.1225,1.1225,0.0,0,1593109593066,134,0.0
1593109593,1.12243,1.12244,0.0,0,1593109593575,134,0.0
1593109594,1.12239,1.1224,0.0,0,1593109594615,134,0.0
1593109596,1.12239,1.12239,0.0,0,1593109596800,4,0.0
1593109597,1.12238,1.12239,0.0,0,1593109597792,130,0.0
1593109598,1.12238,1.12238,0.0,0,1593109598349,4,0.0
1593109600,1.12236,1.12237,0.0,0,1593109600215,134,0.0
1593109600,1.12236,1.12236,0.0,0,1593109600761,4,0.0
1593109603,1.12236,1.12237,0.0,0,1593109603475,4,0.0
1593109605,1.12236,1.12236,0.0,0,1593109605678,4,0.0
1593109606,1.12235,1.12235,0.0,0,1593109606703,134,0.0
1593109607,1.12235,1.12236,0.0,0,1593109607743,4,0.0
1593109608,1.12232,1.12232,0.0,0,1593109608290,134,0.0
1593109608,1.12233,1.12233,0.0,0,1593109608792,134,0.0
1593109609,1.12232,1.12233,0.0,0,1593109609333,130,0.0
1593109610,1.12234,1.12234,0.0,0,1593109610387,134,0.0
1593109610,1.12232,1.12232,0.0,0,1593109610908,134,0.0
1593109611,1.12233,1.12233,0.0,0,1593109611694,134,0.0
1593109615,1.12231,1.12232,0.0,0,1593109615653,134,0.0
1593109616,1.12231,1.12231,0.0,0,1593109616703,4,0.0
1593109617,1.1223,1.12231,0.0,0,1593109617919,130,0.0
1593109618,1.12229,1.1223,0.0,0,1593109618702,134,0.0
1593109619,1.12228,1.12229,0.0,0,1593109619212,134,0.0
1593109620,1.12228,1.12229,0.0,0,1593109620251,130,0.0
1593109620,1.12229,1.1223,0.0,0,1593109620757,134,0.0
1593109621,1.12228,1.12229,0.0,0,1593109621274,134,0.0
1593109622,1.12227,1.12227,0.0,0,1593109622440,134,0.0
1593109622,1.12223,1.12223,0.0,0,1593109622987,134,0.0
1593109623,1.12222,1.12222,0.0,0,1593109623521,134,0.0
1593109624,1.12222,1.12223,0.0,0,1593109624976,4,0.0
1593109626,1.12218,1.12218,0.0,0,1593109626701,134,0.0
1593109627,1.12214,1.12214,0.0,0,1593109627225,134,0.0
1593109632,1.12215,1.12215,0.0,0,1593109632075,134,0.0
1593109632,1.12214,1.12214,0.0,0,1593109632593,134,0.0
1593109635,1.12213,1.12213,0.0,0,1593109635399,134,0.0
1593109635,1.12212,1.12212,0.0,0,1593109635921,134,0.0
1593109636,1.1221,1.1221,0.0,0,1593109636424,134,0.0
1593109636,1.12209,1.1221,0.0,0,1593109636967,130,0.0
1593109638,1.12208,1.1221,0.0,0,1593109638609,130,0.0
1593109640,1.12203,1.12203,0.0,0,1593109640269,134,0.0
1593109642,1.12204,1.12204,0.0,0,1593109642606,134,0.0
1593109644,1.12203,1.12204,0.0,0,1593109644231,130,0.0
1593109650,1.12203,1.12203,0.0,0,1593109650969,4,0.0
1593109653,1.12204,1.12204,0.0,0,1593109653691,134,0.0
1593109654,1.12205,1.12205,0.0,0,1593109654908,134,0.0
1593109655,1.12204,1.12204,0.0,0,1593109655419,134,0.0
1593109656,1.12203,1.12204,0.0,0,1593109656466,130,0.0
1593109658,1.12203,1.12203,0.0,0,1593109658320,4,0.0
1593109661,1.12204,1.12204,0.0,0,1593109661622,134,0.0
1593109662,1.12203,1.12204,0.0,0,1593109662134,130,0.0
1593109664,1.12205,1.12205,0.0,0,1593109664026,134,0.0
1593109665,1.12203,1.12203,0.0,0,1593109665681,134,0.0
1593109671,1.12202,1.12203,0.0,0,1593109671532,130,0.0
1593109672,1.12203,1.12203,0.0,0,1593109672190,130,0.0
1593109672,1.12204,1.12204,0.0,0,1593109672708,134,0.0
1593109674,1.12203,1.12203,0.0,0,1593109674165,134,0.0
1593109674,1.12204,1.12204,0.0,0,1593109674749,134,0.0
1593109675,1.12203,1.12203,0.0,0,1593109675297,134,0.0
1593109675,1.12204,1.12204,0.0,0,1593109675838,134,0.0
1593109677,1.12203,1.12203,0.0,0,1593109677371,134,0.0
1593109680,1.12203,1.12203,0.0,0,1593109680484,130,0.0
1593109683,1.12204,1.12204,0.0,0,1593109683321,134,0.0
1593109683,1.12203,1.12203,0.0,0,1593109683863,134,0.0
1593109688,1.12197,1.12197,0.0,0,1593109688271,134,0.0
1593109688,1.12195,1.12195,0.0,0,1593109688793,134,0.0
1593109690,1.12194,1.12194,0.0,0,1593109690456,134,0.0
1593109691,1.12193,1.12193,0.0,0,1593109691507,134,0.0
1593109696,1.12189,1.12189,0.0,0,1593109696789,134,0.0
1593109697,1.12187,1.12188,0.0,0,1593109697319,134,0.0
1593109697,1.12188,1.12188,0.0,0,1593109697820,130,0.0
1593109698,1.12189,1.12189,0.0,0,1593109698836,134,0.0
1593109702,1.12188,1.12188,0.0,0,1593109702889,134,0.0
1593109703,1.12187,1.12187,0.0,0,1593109703975,134,0.0
1593109704,1.12186,1.12186,0.0,0,1593109704484,134,0.0
1593109705,1.12185,1.12185,0.0,0,1593109705015,134,0.0
1593109705,1.12188,1.12188,0.0,0,1593109705521,134,0.0
1593109707,1.12189,1.12189,0.0,0,1593109707971,134,0.0
1593109708,1.12188,1.12189,0.0,0,1593109708507,130,0.0
1593109709,1.12188,1.12188,0.0,0,1593109709252,4,0.0
1593109710,1.12189,1.12189,0.0,0,1593109710760,134,0.0
1593109711,1.12193,1.12193,0.0,0,1593109711596,134,0.0
1593109713,1.12195,1.12195,0.0,0,1593109713658,134,0.0
1593109714,1.12196,1.12196,0.0,0,1593109714232,134,0.0
1593109714,1.12195,1.12195,0.0,0,1593109714737,134,0.0
1593109715,1.12194,1.12194,0.0,0,1593109715345,134,0.0
1593109716,1.12193,1.12193,0.0,0,1593109716573,134,0.0
1593109717,1.12194,1.12194,0.0,0,1593109717077,134,0.0
1593109721,1.12195,1.12195,0.0,0,1593109721582,134,0.0
1593109722,1.12193,1.12194,0.0,0,1593109722991,134,0.0
1593109724,1.12194,1.12194,0.0,0,1593109724874,130,0.0
1593109728,1.12193,1.12194,0.0,0,1593109728754,130,0.0
1593109729,1.12194,1.12194,0.0,0,1593109729282,130,0.0
1593109729,1.12193,1.12193,0.0,0,1593109729800,134,0.0
1593109730,1.12194,1.12194,0.0,0,1593109730327,134,0.0
1593109732,1.12193,1.12194,0.0,0,1593109732511,130,0.0
1593109733,1.12193,1.12193,0.0,0,1593109733648,4,0.0
1593109735,1.12189,1.12189,0.0,0,1593109735427,134,0.0
1593109735,1.12188,1.12188,0.0,0,1593109735956,134,0.0
1593109736,1.12189,1.12189,0.0,0,1593109736486,134,0.0
1593109740,1.1219,1.1219,0.0,0,1593109740432,134,0.0
1593109740,1.12193,1.12193,0.0,0,1593109740972,134,0.0
1593109742,1.12191,1.12191,0.0,0,1593109742690,134,0.0
1593109743,1.1219,1.12191,0.0,0,1593109743214,130,0.0
1593109743,1.1219,1.1219,0.0,0,1593109743731,4,0.0
1593109746,1.12191,1.12191,0.0,0,1593109746405,134,0.0
1593109747,1.12189,1.12189,0.0,0,1593109747476,134,0.0
1593109750,1.12192,1.12192,0.0,0,1593109750166,134,0.0
1593109750,1.12189,1.12189,0.0,0,1593109750688,134,0.0
1593109752,1.12187,1.12187,0.0,0,1593109752793,134,0.0
1593109753,1.12184,1.12185,0.0,0,1593109753525,134,0.0
1593109754,1.12184,1.12184,0.0,0,1593109754061,4,0.0
1593109754,1.12183,1.12183,0.0,0,1593109754586,134,0.0
1593109756,1.12182,1.12182,0.0,0,1593109756134,134,0.0
1593109758,1.12185,1.12185,0.0,0,1593109758705,134,0.0
1593109759,1.12188,1.12188,0.0,0,1593109759204,134,0.0
1593109759,1.12185,1.12185,0.0,0,1593109759813,134,0.0
1593109760,1.12183,1.12183,0.0,0,1593109760326,134,0.0
1593109763,1.12182,1.12182,0.0,0,1593109763375,134,0.0
1593109763,1.1218,1.1218,0.0,0,1593109763889,134,0.0
1593109765,1.12183,1.12183,0.0,0,1593109765000,134,0.0
1593109766,1.12185,1.12185,0.0,0,1593109766271,134,0.0
1593109767,1.12184,1.12185,0.0,0,1593109767335,130,0.0
1593109768,1.12187,1.12188,0.0,0,1593109768501,134,0.0
1593109769,1.12187,1.12187,0.0,0,1593109769028,4,0.0
1593109773,1.12184,1.12184,0.0,0,1593109773149,134,0.0
1593109776,1.12183,1.12183,0.0,0,1593109776194,134,0.0
1593109788,1.12186,1.12187,0.0,0,1593109788691,134,0.0
1593109789,1.12187,1.12187,0.0,0,1593109789218,130,0.0
1593109790,1.12188,1.12188,0.0,0,1593109790426,134,0.0
1593109790,1.12189,1.12189,0.0,0,1593109790933,134,0.0
1593109795,1.12188,1.12188,0.0,0,1593109795307,134,0.0
1593109796,1.12185,1.12185,0.0,0,1593109796474,134,0.0
1593109796,1.12184,1.12184,0.0,0,1593109796989,134,0.0
1593109800,1.12183,1.12184,0.0,0,1593109800212,130,0.0
1593109800,1.12184,1.12184,0.0,0,1593109800801,130,0.0
1593109801,1.12183,1.12184,0.0,0,1593109801363,130,0.0
1593109805,1.12184,1.12184,0.0,0,1593109805012,130,0.0
1593109806,1.12183,1.12184,0.0,0,1593109806699,130,0.0
1593109807,1.12184,1.12184,0.0,0,1593109807850,130,0.0
1593109809,1.12183,1.12184,0.0,0,1593109809946,130,0.0
1593109810,1.12184,1.12184,0.0,0,1593109810977,130,0.0
1593109812,1.12182,1.12182,0.0,0,1593109812274,134,0.0
1593109812,1.12186,1.12186,0.0,0,1593109812875,134,0.0
1593109813,1.12187,1.12187,0.0,0,1593109813503,134,0.0
1593109815,1.12188,1.12188,0.0,0,1593109815370,134,0.0
1593109820,1.12186,1.12186,0.0,0,1593109820491,134,0.0
1593109821,1.12184,1.12184,0.0,0,1593109821004,134,0.0
1593109822,1.12182,1.12182,0.0,0,1593109822899,134,0.0
1593109825,1.12185,1.12185,0.0,0,1593109825742,134,0.0
1593109826,1.12187,1.12187,0.0,0,1593109826244,134,0.0
1593109827,1.12188,1.12188,0.0,0,1593109827410,134,0.0
1593109834,1.12188,1.12189,0.0,0,1593109834091,4,0.0
1593109835,1.12188,1.12188,0.0,0,1593109835268,4,0.0
1593109836,1.12187,1.12187,0.0,0,1593109836371,134,0.0
1593109836,1.12183,1.12183,0.0,0,1593109836928,134,0.0
1593109841,1.12181,1.12181,0.0,0,1593109841459,134,0.0
1593109841,1.12182,1.12182,0.0,0,1593109841982,134,0.0
1593109842,1.12181,1.12181,0.0,0,1593109842483,134,0.0
1593109843,1.1218,1.12181,0.0,0,1593109843075,130,0.0
1593109845,1.12179,1.12181,0.0,0,1593109845966,130,0.0
1593109847,1.1218,1.12181,0.0,0,1593109847799,130,0.0
1593109849,1.12181,1.12181,0.0,0,1593109849479,130,0.0
1593109850,1.12183,1.12183,0.0,0,1593109850029,134,0.0
1593109850,1.12184,1.12184,0.0,0,1593109850629,134,0.0
1593109851,1.12183,1.12183,0.0,0,1593109851196,134,0.0
1593109853,1.12182,1.12182,0.0,0,1593109853766,134,0.0
1593109854,1.12181,1.12182,0.0,0,1593109854291,130,0.0
1593109854,1.12182,1.12182,0.0,0,1593109854806,130,0.0
1593109855,1.1218,1.12181,0.0,0,1593109855826,134,0.0
1593109856,1.12184,1.12184,0.0,0,1593109856891,134,0.0
1593109857,1.12186,1.12186,0.0,0,1593109857413,134,0.0
1593109858,1.12186,1.12187,0.0,0,1593109858678,4,0.0
1593109859,1.12188,1.12188,0.0,0,1593109859287,134,0.0
1593109860,1.12186,1.12186,0.0,0,1593109860524,134,0.0
1593109861,1.12187,1.12187,0.0,0,1593109861041,134,0.0
1593109861,1.12186,1.12187,0.0,0,1593109861550,130,0.0
1593109862,1.12187,1.12187,0.0,0,1593109862143,130,0.0
1593109863,1.12188,1.12188,0.0,0,1593109863462,134,0.0
1593109865,1.12189,1.12189,0.0,0,1593109865772,134,0.0
1593109869,1.12188,1.12188,0.0,0,1593109869391,134,0.0
1593109872,1.12185,1.12186,0.0,0,1593109872878,134,0.0
1593109873,1.12185,1.12185,0.0,0,1593109873568,4,0.0
1593109874,1.12187,1.12187,0.0,0,1593109874084,134,0.0
1593109875,1.12188,1.12188,0.0,0,1593109875256,134,0.0
1593109875,1.12187,1.12187,0.0,0,1593109875828,134,0.0
1593109876,1.12188,1.12188,0.0,0,1593109876337,134,0.0
1593109876,1.12187,1.12187,0.0,0,1593109876846,134,0.0
1593109878,1.12188,1.12188,0.0,0,1593109878135,134,0.0
1593109879,1.12189,1.12189,0.0,0,1593109879380,134,0.0
1593109885,1.12192,1.12192,0.0,0,1593109885518,134,0.0
1593109886,1.12193,1.12193,0.0,0,1593109886022,134,0.0
1593109887,1.12194,1.12194,0.0,0,1593109887550,134,0.0
1593109888,1.12195,1.12195,0.0,0,1593109888622,134,0.0
1593109896,1.12192,1.12192,0.0,0,1593109896530,134,0.0
1593109897,1.12194,1.12194,0.0,0,1593109897060,134,0.0
1593109897,1.12195,1.12195,0.0,0,1593109897575,134,0.0
1593109901,1.12202,1.12202,0.0,0,1593109901756,134,0.0
1593109903,1.12204,1.12204,0.0,0,1593109903401,134,0.0
1593109906,1.12205,1.12205,0.0,0,1593109906001,134,0.0
1593109909,1.1221,1.1221,0.0,0,1593109909760,134,0.0
1593109911,1.12214,1.12214,0.0,0,1593109911346,134,0.0
1593109911,1.1221,1.1221,0.0,0,1593109911938,134,0.0
1593109912,1.12209,1.1221,0.0,0,1593109912555,130,0.0
1593109913,1.1221,1.1221,0.0,0,1593109913093,130,0.0
1593109913,1.12209,1.1221,0.0,0,1593109913995,130,0.0
1593109918,1.12207,1.12207,0.0,0,1593109918046,134,0.0
1593109920,1.12207,1.12207,0.0,0,1593109920145,130,0.0
1593109924,1.12205,1.12205,0.0,0,1593109924913,134,0.0
1593109927,1.12207,1.12207,0.0,0,1593109927388,134,0.0
1593109928,1.12205,1.12205,0.0,0,1593109928563,134,0.0
1593109930,1.12204,1.12204,0.0,0,1593109930339,134,0.0
1593109932,1.12202,1.12202,0.0,0,1593109932181,134,0.0
1593109932,1.12199,1.12199,0.0,0,1593109932701,134,0.0
1593109933,1.12201,1.12201,0.0,0,1593109933508,134,0.0
1593109935,1.12204,1.12204,0.0,0,1593109935131,134,0.0
1593109935,1.12203,1.12203,0.0,0,1593109935668,134,0.0
1593109936,1.12204,1.12204,0.0,0,1593109936174,134,0.0
1593109940,1.12203,1.12203,0.0,0,1593109940492,134,0.0
1593109942,1.12202,1.12202,0.0,0,1593109942222,134,0.0
1593109942,1.1219999999999999,1.12201,0.0,0,1593109942734,134,0.0
1593109943,1.12202,1.12202,0.0,0,1593109943323,134,0.0
1593109944,1.12195,1.12195,0.0,0,1593109944409,134,0.0
1593109944,1.12194,1.12194,0.0,0,1593109944913,134,0.0
1593109946,1.12193,1.12193,0.0,0,1593109946524,134,0.0
