time,bid,ask,last,volume,time_msc,flags,volume_real
1738176943,87.7,87.718,0.0,0,1738176943281,134,0.0
1738176943,87.701,87.719,0.0,0,1738176943533,134,0.0
1738176943,87.699,87.717,0.0,0,1738176943685,134,0.0
1738176944,87.702,87.717,0.0,0,1738176944195,130,0.0
1738176944,87.704,87.72,0.0,0,1738176944524,134,0.0
1738176944,87.703,87.719,0.0,0,1738176944699,134,0.0
1738176944,87.705,87.72,0.0,0,1738176944900,134,0.0
1738176945,87.704,87.72,0.0,0,1738176945182,130,0.0
1738176945,87.703,87.719,0.0,0,1738176945310,134,0.0
1738176945,87.701,87.717,0.0,0,1738176945712,134,0.0
1738176945,87.702,87.718,0.0,0,1738176945913,134,0.0
1738176946,87.701,87.718,0.0,0,1738176946173,130,0.0
1738176946,87.702,87.719,0.0,0,1738176946317,134,0.0
1738176946,87.705,87.722,0.0,0,1738176946833,134,0.0
1738176947,87.705,87.723,0.0,0,1738176947326,4,0.0
1738176947,87.703,87.721,0.0,0,1738176947529,134,0.0
1738176947,87.704,87.722,0.0,0,1738176947822,134,0.0
1738176947,87.705,87.723,0.0,0,1738176947936,134,0.0
1738176948,87.704,87.723,0.0,0,1738176948153,130,0.0
1738176948,87.706,87.724,0.0,0,1738176948537,134,0.0
1738176948,87.707,87.725,0.0,0,1738176948811,134,0.0
1738176948,87.708,87.727,0.0,0,1738176948943,134,0.0
1738176949,87.709,87.727,0.0,0,1738176949472,130,0.0
1738176951,87.708,87.727,0.0,0,1738176951452,130,0.0
1738176951,87.707,87.726,0.0,0,1738176951574,134,0.0
1738176953,87.71,87.729,0.0,0,1738176953101,134,0.0
1738176953,87.71,87.728,0.0,0,1738176953191,4,0.0
1738176954,87.708,87.725,0.0,0,1738176954201,134,0.0
1738176954,87.707,87.725,0.0,0,1738176954422,130,0.0
1738176954,87.706,87.724,0.0,0,1738176954606,134,0.0
1738176954,87.707,87.725,0.0,0,1738176954805,134,0.0
1738176955,87.706,87.724,0.0,0,1738176955081,134,0.0
1738176955,87.706,87.725,0.0,0,1738176955211,4,0.0
1738176955,87.707,87.725,0.0,0,1738176955416,130,0.0
1738176955,87.708,87.727,0.0,0,1738176955741,134,0.0
1738176956,87.708,87.726,0.0,0,1738176956076,4,0.0
1738176956,87.708,87.727,0.0,0,1738176956422,4,0.0
1738176957,87.707,87.726,0.0,0,1738176957069,134,0.0
1738176957,87.708,87.726,0.0,0,1738176957436,130,0.0
1738176957,87.708,87.727,0.0,0,1738176957725,4,0.0
1738176957,87.711,87.729,0.0,0,1738176957837,134,0.0
1738176958,87.71,87.728,0.0,0,1738176958442,134,0.0
1738176959,87.709,87.726,0.0,0,1738176959058,134,0.0
1738176959,87.713,87.73,0.0,0,1738176959457,134,0.0
1738176959,87.709,87.726,0.0,0,1738176959704,134,0.0
1738176960,87.709,87.726,0.0,0,1738176960067,130,0.0
1738176960,87.708,87.726,0.0,0,1738176960363,130,0.0
1738176960,87.707,87.724,0.0,0,1738176960461,134,0.0
1738176960,87.705,87.722,0.0,0,1738176960870,134,0.0
1738176961,87.705,87.721,0.0,0,1738176961476,4,0.0
1738176961,87.706,87.722,0.0,0,1738176961677,134,0.0
1738176962,87.704,87.721,0.0,0,1738176962012,134,0.0
1738176962,87.71,87.726,0.0,0,1738176962342,134,0.0
1738176962,87.711,87.727,0.0,0,1738176962687,134,0.0
1738176963,87.712,87.728,0.0,0,1738176963003,134,0.0
1738176963,87.711,87.728,0.0,0,1738176963094,130,0.0
1738176963,87.714,87.732,0.0,0,1738176963332,134,0.0
1738176963,87.711,87.728,0.0,0,1738176963494,134,0.0
1738176963,87.71,87.728,0.0,0,1738176963697,130,0.0
1738176964,87.71,87.727,0.0,0,1738176964098,4,0.0
1738176964,87.708,87.725,0.0,0,1738176964501,134,0.0
1738176965,87.707,87.726,0.0,0,1738176965112,134,0.0
1738176965,87.709,87.727,0.0,0,1738176965312,134,0.0
1738176965,87.712,87.73,0.0,0,1738176965715,134,0.0
1738176966,87.711,87.728,0.0,0,1738176966120,134,0.0
1738176966,87.711,87.729,0.0,0,1738176966329,4,0.0
1738176966,87.707,87.725,0.0,0,1738176966734,134,0.0
1738176969,87.703,87.72,0.0,0,1738176969606,134,0.0
1738176970,87.702,87.718,0.0,0,1738176970371,134,0.0
1738176970,87.706,87.723,0.0,0,1738176970593,134,0.0
1738176970,87.707,87.724,0.0,0,1738176970978,134,0.0
1738176971,87.708,87.724,0.0,0,1738176971252,130,0.0
1738176971,87.707,87.723,0.0,0,1738176971912,134,0.0
1738176971,87.708,87.724,0.0,0,1738176971992,134,0.0
1738176972,87.708,87.723,0.0,0,1738176972243,4,0.0
1738176974,87.707,87.722,0.0,0,1738176974013,134,0.0
1738176974,87.705,87.72,0.0,0,1738176974416,134,0.0
1738176974,87.708,87.723,0.0,0,1738176974883,134,0.0
1738176975,87.71,87.725,0.0,0,1738176975225,134,0.0
1738176975,87.704,87.719,0.0,0,1738176975873,134,0.0
1738176976,87.703,87.722,0.0,0,1738176976037,134,0.0
1738176976,87.702,87.72,0.0,0,1738176976642,134,0.0
1738176977,87.703,87.72,0.0,0,1738176977045,130,0.0
1738176978,87.702,87.719,0.0,0,1738176978182,134,0.0
1738176978,87.704,87.721,0.0,0,1738176978666,134,0.0
1738176978,87.706,87.723,0.0,0,1738176978868,134,0.0
1738176979,87.706,87.721,0.0,0,1738176979172,4,0.0
1738176980,87.704,87.719,0.0,0,1738176980283,134,0.0
1738176981,87.706,87.719,0.0,0,1738176981154,130,0.0
1738176982,87.703,87.717,0.0,0,1738176982904,134,0.0
1738176983,87.701,87.717,0.0,0,1738176983132,130,0.0
1738176983,87.704,87.719,0.0,0,1738176983511,134,0.0
1738176983,87.7,87.715,0.0,0,1738176983862,134,0.0
1738176984,87.702,87.715,0.0,0,1738176984123,130,0.0
1738176984,87.701,87.715,0.0,0,1738176984783,130,0.0
1738176984,87.704,87.717,0.0,0,1738176984930,134,0.0
1738176985,87.705,87.722,0.0,0,1738176985127,134,0.0
1738176986,87.704,87.72,0.0,0,1738176986142,134,0.0
1738176987,87.704,87.718,0.0,0,1738176987146,4,0.0
1738176987,87.706,87.72,0.0,0,1738176987553,134,0.0
1738176988,87.707,87.72,0.0,0,1738176988159,130,0.0
1738176988,87.706,87.718,0.0,0,1738176988412,134,0.0
1738176988,87.707,87.72,0.0,0,1738176988564,134,0.0
1738176988,87.707,87.719,0.0,0,1738176988765,4,0.0
1738176989,87.708,87.721,0.0,0,1738176989076,134,0.0
1738176989,87.707,87.72,0.0,0,1738176989170,134,0.0
1738176990,87.714,87.724,0.0,0,1738176990184,134,0.0
1738176990,87.715,87.726,0.0,0,1738176990393,134,0.0
1738176990,87.712,87.723,0.0,0,1738176990585,134,0.0
1738176990,87.713,87.724,0.0,0,1738176990791,134,0.0
1738176991,87.715,87.726,0.0,0,1738176991054,134,0.0
1738176991,87.711,87.728,0.0,0,1738176991193,134,0.0
1738176991,87.711,87.727,0.0,0,1738176991395,4,0.0
1738176991,87.712,87.728,0.0,0,1738176991859,134,0.0
1738176992,87.711,87.728,0.0,0,1738176992044,130,0.0
1738176992,87.712,87.729,0.0,0,1738176992204,134,0.0
1738176992,87.716,87.733,0.0,0,1738176992811,134,0.0
1738176993,87.718,87.735,0.0,0,1738176993215,134,0.0
1738176993,87.721,87.737,0.0,0,1738176993696,134,0.0
1738176993,87.722,87.739,0.0,0,1738176993820,134,0.0
1738176994,87.722,87.74,0.0,0,1738176994026,4,0.0
1738176994,87.72,87.738,0.0,0,1738176994352,134,0.0
1738176995,87.722,87.74,0.0,0,1738176995341,134,0.0
1738176995,87.72,87.738,0.0,0,1738176995674,134,0.0
1738176995,87.719,87.737,0.0,0,1738176995847,134,0.0
1738176996,87.721,87.739,0.0,0,1738176996051,134,0.0
1738176996,87.719,87.737,0.0,0,1738176996452,134,0.0
1738176996,87.718,87.736,0.0,0,1738176996667,134,0.0
1738176997,87.718,87.735,0.0,0,1738176997055,4,0.0
1738176998,87.716,87.733,0.0,0,1738176998072,134,0.0
1738176998,87.717,87.735,0.0,0,1738176998315,134,0.0
1738176998,87.719,87.737,0.0,0,1738176998971,134,0.0
1738176999,87.72,87.737,0.0,0,1738176999074,130,0.0
1738176999,87.72,87.738,0.0,0,1738176999302,4,0.0
1738176999,87.717,87.735,0.0,0,1738176999479,134,0.0
1738176999,87.718,87.736,0.0,0,1738176999680,134,0.0
1738176999,87.721,87.738,0.0,0,1738176999962,134,0.0
1738177000,87.721,87.739,0.0,0,1738177000083,4,0.0
1738177000,87.72,87.738,0.0,0,1738177000488,134,0.0
1738177000,87.721,87.739,0.0,0,1738177000689,134,0.0
1738177001,87.721,87.738,0.0,0,1738177001094,4,0.0
1738177001,87.721,87.739,0.0,0,1738177001298,4,0.0
1738177001,87.72,87.737,0.0,0,1738177001946,134,0.0
1738177002,87.721,87.738,0.0,0,1738177002106,134,0.0
1738177002,87.718,87.735,0.0,0,1738177002309,134,0.0
1738177002,87.716,87.733,0.0,0,1738177002932,134,0.0
1738177003,87.717,87.734,0.0,0,1738177003315,134,0.0
1738177003,87.719,87.736,0.0,0,1738177003592,134,0.0
1738177003,87.717,87.734,0.0,0,1738177003723,134,0.0
1738177003,87.716,87.733,0.0,0,1738177003924,134,0.0
1738177004,87.715,87.732,0.0,0,1738177004253,134,0.0
1738177004,87.717,87.733,0.0,0,1738177004325,134,0.0
1738177004,87.718,87.735,0.0,0,1738177004935,134,0.0
1738177005,87.72,87.736,0.0,0,1738177005242,134,0.0
1738177006,87.719,87.735,0.0,0,1738177006561,134,0.0
1738177006,87.718,87.734,0.0,0,1738177006954,134,0.0
1738177007,87.72,87.734,0.0,0,1738177007222,130,0.0
1738177007,87.719,87.733,0.0,0,1738177007879,134,0.0
1738177007,87.72,87.734,0.0,0,1738177007962,134,0.0
1738177008,87.719,87.733,0.0,0,1738177008211,134,0.0
1738177009,87.719,87.731,0.0,0,1738177009203,4,0.0
1738177010,87.721,87.731,0.0,0,1738177010193,130,0.0
1738177010,87.719,87.73,0.0,0,1738177010387,134,0.0
1738177011,87.717,87.729,0.0,0,1738177011201,134,0.0
1738177011,87.72,87.732,0.0,0,1738177011511,134,0.0
1738177012,87.721,87.733,0.0,0,1738177012206,134,0.0
1738177012,87.716,87.728,0.0,0,1738177012832,134,0.0
1738177013,87.717,87.729,0.0,0,1738177013217,134,0.0
1738177013,87.716,87.728,0.0,0,1738177013823,134,0.0
1738177014,87.718,87.728,0.0,0,1738177014152,130,0.0
1738177015,87.719,87.728,0.0,0,1738177015141,130,0.0
1738177015,87.72,87.728,0.0,0,1738177015471,130,0.0
1738177016,87.718,87.726,0.0,0,1738177016130,134,0.0
1738177016,87.719,87.728,0.0,0,1738177016854,134,0.0
1738177017,87.718,87.726,0.0,0,1738177017259,134,0.0
1738177017,87.719,87.728,0.0,0,1738177017461,134,0.0
1738177017,87.719,87.727,0.0,0,1738177017865,4,0.0
1738177018,87.719,87.738,0.0,0,1738177018111,4,0.0
1738177018,87.721,87.739,0.0,0,1738177018875,134,0.0
1738177020,87.722,87.739,0.0,0,1738177020097,130,0.0
1738177021,87.723,87.739,0.0,0,1738177021507,130,0.0
1738177021,87.724,87.74,0.0,0,1738177021745,134,0.0
1738177021,87.724,87.741,0.0,0,1738177021904,4,0.0
1738177022,87.724,87.742,0.0,0,1738177022108,4,0.0
1738177022,87.724,87.741,0.0,0,1738177022517,4,0.0
1738177022,87.724,87.742,0.0,0,1738177022731,4,0.0
1738177022,87.723,87.74,0.0,0,1738177022917,134,0.0
1738177023,87.726,87.741,0.0,0,1738177023119,134,0.0
1738177024,87.727,87.739,0.0,0,1738177024128,134,0.0
1738177024,87.723,87.736,0.0,0,1738177024532,134,0.0
1738177024,87.725,87.738,0.0,0,1738177024737,134,0.0
1738177025,87.725,87.736,0.0,0,1738177025140,4,0.0
1738177025,87.727,87.738,0.0,0,1738177025541,134,0.0
1738177025,87.726,87.736,0.0,0,1738177025747,134,0.0
1738177026,87.725,87.735,0.0,0,1738177026151,134,0.0
1738177026,87.722,87.733,0.0,0,1738177026362,134,0.0
1738177026,87.721,87.731,0.0,0,1738177026560,134,0.0
1738177026,87.724,87.734,0.0,0,1738177026757,134,0.0
1738177027,87.722,87.732,0.0,0,1738177027021,134,0.0
1738177027,87.72,87.736,0.0,0,1738177027161,134,0.0
1738177027,87.713,87.729,0.0,0,1738177027681,134,0.0
1738177027,87.714,87.73,0.0,0,1738177027767,134,0.0
1738177028,87.713,87.729,0.0,0,1738177028375,134,0.0
1738177028,87.715,87.73,0.0,0,1738177028779,134,0.0
1738177029,87.713,87.729,0.0,0,1738177029180,134,0.0
1738177029,87.715,87.731,0.0,0,1738177029384,134,0.0
1738177029,87.713,87.729,0.0,0,1738177029786,134,0.0
1738177030,87.714,87.729,0.0,0,1738177030320,130,0.0
1738177032,87.714,87.727,0.0,0,1738177032302,4,0.0
1738177033,87.715,87.726,0.0,0,1738177033295,134,0.0
1738177033,87.718,87.728,0.0,0,1738177033622,134,0.0
1738177033,87.712,87.723,0.0,0,1738177033951,134,0.0
1738177035,87.712,87.721,0.0,0,1738177035040,4,0.0
1738177035,87.714,87.723,0.0,0,1738177035273,134,0.0
1738177036,87.713,87.722,0.0,0,1738177036048,134,0.0
1738177036,87.714,87.723,0.0,0,1738177036263,134,0.0
1738177036,87.715,87.724,0.0,0,1738177036452,134,0.0
1738177036,87.716,87.725,0.0,0,1738177036922,134,0.0
1738177037,87.715,87.728,0.0,0,1738177037060,134,0.0
1738177037,87.714,87.728,0.0,0,1738177037581,130,0.0
1738177037,87.715,87.728,0.0,0,1738177037912,130,0.0
1738177038,87.717,87.727,0.0,0,1738177038075,134,0.0
1738177039,87.717,87.726,0.0,0,1738177039084,4,0.0
1738177039,87.716,87.724,0.0,0,1738177039284,134,0.0
1738177039,87.715,87.724,0.0,0,1738177039687,130,0.0
1738177039,87.713,87.721,0.0,0,1738177039889,134,0.0
1738177040,87.707,87.722,0.0,0,1738177040224,134,0.0
1738177041,87.708,87.723,0.0,0,1738177041211,134,0.0
1738177042,87.71,87.724,0.0,0,1738177042200,134,0.0
1738177043,87.71,87.722,0.0,0,1738177043191,4,0.0
1738177043,87.713,87.725,0.0,0,1738177043932,134,0.0
1738177044,87.71,87.726,0.0,0,1738177044183,134,0.0
1738177044,87.711,87.726,0.0,0,1738177044332,130,0.0
1738177044,87.71,87.725,0.0,0,1738177044536,134,0.0
1738177045,87.709,87.727,0.0,0,1738177045171,134,0.0
1738177045,87.708,87.726,0.0,0,1738177045343,134,0.0
1738177046,87.71,87.724,0.0,0,1738177046162,134,0.0
1738177046,87.715,87.729,0.0,0,1738177046355,134,0.0
1738177046,87.713,87.727,0.0,0,1738177046558,134,0.0
1738177046,87.712,87.727,0.0,0,1738177046822,130,0.0
1738177047,87.714,87.728,0.0,0,1738177047162,134,0.0
1738177047,87.713,87.727,0.0,0,1738177047564,134,0.0
1738177048,87.715,87.727,0.0,0,1738177048174,130,0.0
1738177048,87.716,87.727,0.0,0,1738177048575,130,0.0
1738177048,87.716,87.728,0.0,0,1738177048981,4,0.0
1738177049,87.716,87.726,0.0,0,1738177049183,4,0.0
1738177049,87.716,87.727,0.0,0,1738177049462,4,0.0
1738177049,87.718,87.728,0.0,0,1738177049589,134,0.0
1738177050,87.717,87.727,0.0,0,1738177050195,134,0.0
1738177051,87.718,87.728,0.0,0,1738177051112,134,0.0
1738177051,87.717,87.727,0.0,0,1738177051206,134,0.0
1738177051,87.718,87.728,0.0,0,1738177051442,134,0.0
1738177051,87.721,87.731,0.0,0,1738177051816,134,0.0
1738177052,87.723,87.733,0.0,0,1738177052432,134,0.0
1738177052,87.723,87.732,0.0,0,1738177052624,4,0.0
1738177052,87.721,87.731,0.0,0,1738177052824,134,0.0
1738177053,87.72,87.731,0.0,0,1738177053091,130,0.0
1738177053,87.722,87.733,0.0,0,1738177053751,134,0.0
1738177053,87.726,87.737,0.0,0,1738177053841,134,0.0
1738177054,87.721,87.738,0.0,0,1738177054081,134,0.0
1738177054,87.72,87.737,0.0,0,1738177054241,134,0.0
1738177054,87.721,87.737,0.0,0,1738177054442,130,0.0
1738177055,87.721,87.739,0.0,0,1738177055071,4,0.0
1738177055,87.718,87.736,0.0,0,1738177055860,134,0.0
1738177056,87.721,87.739,0.0,0,1738177056392,134,0.0
1738177056,87.719,87.737,0.0,0,1738177056463,134,0.0
1738177057,87.72,87.738,0.0,0,1738177057382,134,0.0
1738177057,87.719,87.737,0.0,0,1738177057473,134,0.0
1738177057,87.72,87.738,0.0,0,1738177057712,134,0.0
1738177057,87.721,87.739,0.0,0,1738177057880,134,0.0
1738177058,87.723,87.74,0.0,0,1738177058082,134,0.0
1738177058,87.721,87.738,0.0,0,1738177058370,134,0.0
1738177058,87.722,87.739,0.0,0,1738177058484,134,0.0
1738177059,87.722,87.738,0.0,0,1738177059091,4,0.0
1738177059,87.722,87.737,0.0,0,1738177059362,4,0.0
1738177059,87.721,87.736,0.0,0,1738177059697,134,0.0
1738177060,87.724,87.736,0.0,0,1738177060106,130,0.0
1738177060,87.726,87.738,0.0,0,1738177060351,134,0.0
1738177060,87.724,87.736,0.0,0,1738177060507,134,0.0
1738177061,87.725,87.737,0.0,0,1738177061011,134,0.0
1738177061,87.724,87.736,0.0,0,1738177061342,134,0.0
1738177061,87.725,87.737,0.0,0,1738177061516,134,0.0
1738177061,87.724,87.736,0.0,0,1738177061720,134,0.0
1738177062,87.723,87.735,0.0,0,1738177062125,134,0.0
1738177064,87.723,87.734,0.0,0,1738177064143,4,0.0
1738177064,87.724,87.736,0.0,0,1738177064752,134,0.0
1738177064,87.723,87.735,0.0,0,1738177064971,134,0.0
1738177065,87.722,87.733,0.0,0,1738177065154,134,0.0
1738177065,87.721,87.733,0.0,0,1738177065357,130,0.0
1738177065,87.722,87.733,0.0,0,1738177065763,130,0.0
1738177066,87.719,87.73,0.0,0,1738177066291,134,0.0
1738177066,87.721,87.732,0.0,0,1738177066621,134,0.0
1738177066,87.718,87.729,0.0,0,1738177066976,134,0.0
1738177067,87.719,87.729,0.0,0,1738177067282,130,0.0
1738177067,87.718,87.728,0.0,0,1738177067378,134,0.0
1738177067,87.715,87.725,0.0,0,1738177067612,134,0.0
1738177069,87.718,87.727,0.0,0,1738177069594,134,0.0
1738177069,87.718,87.728,0.0,0,1738177069923,4,0.0
1738177070,87.718,87.727,0.0,0,1738177070252,4,0.0
1738177071,87.717,87.726,0.0,0,1738177071432,134,0.0
1738177072,87.719,87.727,0.0,0,1738177072430,134,0.0
1738177072,87.718,87.726,0.0,0,1738177072629,134,0.0
1738177072,87.719,87.728,0.0,0,1738177072893,134,0.0
1738177073,87.718,87.727,0.0,0,1738177073032,134,0.0
1738177073,87.72,87.728,0.0,0,1738177073233,134,0.0
1738177073,87.723,87.731,0.0,0,1738177073550,134,0.0
1738177073,87.722,87.73,0.0,0,1738177073638,134,0.0
1738177074,87.722,87.731,0.0,0,1738177074043,4,0.0
1738177075,87.719,87.732,0.0,0,1738177075051,134,0.0
1738177075,87.721,87.734,0.0,0,1738177075253,134,0.0
1738177076,87.724,87.734,0.0,0,1738177076192,130,0.0
1738177076,87.724,87.735,0.0,0,1738177076266,4,0.0
1738177077,87.724,87.734,0.0,0,1738177077180,4,0.0
1738177077,87.724,87.735,0.0,0,1738177077276,4,0.0
1738177077,87.722,87.732,0.0,0,1738177077682,134,0.0
1738177078,87.724,87.732,0.0,0,1738177078170,130,0.0
1738177080,87.724,87.732,0.0,0,1738177080152,130,0.0
1738177080,87.722,87.731,0.0,0,1738177080513,134,0.0
1738177081,87.723,87.731,0.0,0,1738177081801,130,0.0
1738177082,87.722,87.731,0.0,0,1738177082133,130,0.0
1738177082,87.723,87.731,0.0,0,1738177082329,130,0.0
1738177083,87.722,87.731,0.0,0,1738177083782,130,0.0
1738177084,87.723,87.731,0.0,0,1738177084144,130,0.0
1738177085,87.722,87.731,0.0,0,1738177085561,130,0.0
1738177086,87.721,87.73,0.0,0,1738177086090,134,0.0
1738177086,87.72,87.728,0.0,0,1738177086423,134,0.0
1738177087,87.718,87.727,0.0,0,1738177087081,134,0.0
1738177087,87.717,87.725,0.0,0,1738177087174,134,0.0
1738177087,87.714,87.723,0.0,0,1738177087779,134,0.0
1738177089,87.713,87.723,0.0,0,1738177089200,130,0.0
1738177089,87.714,87.724,0.0,0,1738177089723,134,0.0
1738177089,87.714,87.725,0.0,0,1738177089802,4,0.0
1738177090,87.711,87.726,0.0,0,1738177090207,134,0.0
1738177091,87.713,87.726,0.0,0,1738177091219,130,0.0
1738177092,87.711,87.725,0.0,0,1738177092228,134,0.0
1738177092,87.713,87.726,0.0,0,1738177092690,134,0.0
1738177093,87.714,87.726,0.0,0,1738177093036,130,0.0
1738177094,87.712,87.724,0.0,0,1738177094048,134,0.0
1738177094,87.713,87.724,0.0,0,1738177094339,130,0.0
1738177094,87.711,87.723,0.0,0,1738177094672,134,0.0
1738177095,87.711,87.722,0.0,0,1738177095056,4,0.0
1738177095,87.71,87.721,0.0,0,1738177095461,134,0.0
1738177096,87.712,87.723,0.0,0,1738177096074,134,0.0
1738177097,87.711,87.722,0.0,0,1738177097680,134,0.0
1738177097,87.712,87.723,0.0,0,1738177097973,134,0.0
1738177098,87.712,87.722,0.0,0,1738177098084,4,0.0
1738177098,87.713,87.723,0.0,0,1738177098490,134,0.0
1738177098,87.712,87.722,0.0,0,1738177098692,134,0.0
1738177098,87.711,87.721,0.0,0,1738177098962,134,0.0
1738177099,87.711,87.722,0.0,0,1738177099096,4,0.0
1738177099,87.71,87.721,0.0,0,1738177099703,134,0.0
1738177099,87.709,87.72,0.0,0,1738177099951,134,0.0
1738177100,87.708,87.719,0.0,0,1738177100107,134,0.0
1738177100,87.711,87.722,0.0,0,1738177100309,134,0.0
1738177100,87.71,87.721,0.0,0,1738177100612,134,0.0
1738177100,87.712,87.723,0.0,0,1738177100714,134,0.0
1738177100,87.711,87.722,0.0,0,1738177100941,134,0.0
1738177102,87.706,87.723,0.0,0,1738177102259,134,0.0
1738177102,87.709,87.726,0.0,0,1738177102731,134,0.0
1738177102,87.708,87.725,0.0,0,1738177102937,134,0.0
1738177103,87.706,87.723,0.0,0,1738177103342,134,0.0
1738177104,87.704,87.721,0.0,0,1738177104571,134,0.0
1738177104,87.706,87.723,0.0,0,1738177104756,134,0.0
1738177104,87.705,87.722,0.0,0,1738177104960,134,0.0
1738177105,87.707,87.722,0.0,0,1738177105231,130,0.0
1738177105,87.708,87.723,0.0,0,1738177105967,134,0.0
1738177106,87.705,87.724,0.0,0,1738177106221,134,0.0
1738177106,87.704,87.722,0.0,0,1738177106575,134,0.0
1738177106,87.705,87.723,0.0,0,1738177106988,134,0.0
1738177107,87.706,87.724,0.0,0,1738177107211,134,0.0
1738177107,87.705,87.724,0.0,0,1738177107581,130,0.0
1738177107,87.706,87.724,0.0,0,1738177107986,130,0.0
1738177108,87.704,87.723,0.0,0,1738177108201,134,0.0
1738177108,87.705,87.723,0.0,0,1738177108393,130,0.0
1738177109,87.704,87.723,0.0,0,1738177109202,130,0.0
1738177109,87.705,87.723,0.0,0,1738177109605,130,0.0
1738177110,87.704,87.723,0.0,0,1738177110510,130,0.0
1738177110,87.703,87.722,0.0,0,1738177110613,134,0.0
1738177111,87.705,87.722,0.0,0,1738177111021,130,0.0
1738177112,87.704,87.72,0.0,0,1738177112230,134,0.0
1738177112,87.705,87.722,0.0,0,1738177112491,134,0.0
1738177112,87.707,87.723,0.0,0,1738177112637,134,0.0
1738177112,87.706,87.722,0.0,0,1738177112841,134,0.0
1738177113,87.707,87.723,0.0,0,1738177113644,134,0.0
1738177114,87.711,87.727,0.0,0,1738177114140,134,0.0
1738177114,87.71,87.725,0.0,0,1738177114250,134,0.0
1738177115,87.707,87.724,0.0,0,1738177115132,134,0.0
1738177115,87.71,87.727,0.0,0,1738177115262,134,0.0
1738177117,87.712,87.727,0.0,0,1738177117113,130,0.0
1738177119,87.712,87.725,0.0,0,1738177119106,4,0.0
1738177119,87.711,87.724,0.0,0,1738177119750,134,0.0
1738177120,87.711,87.723,0.0,0,1738177120119,4,0.0
1738177120,87.711,87.724,0.0,0,1738177120411,4,0.0
1738177121,87.714,87.726,0.0,0,1738177121126,134,0.0
1738177121,87.715,87.727,0.0,0,1738177121401,134,0.0
1738177121,87.716,87.728,0.0,0,1738177121527,134,0.0
1738177122,87.717,87.73,0.0,0,1738177122136,134,0.0
1738177122,87.717,87.731,0.0,0,1738177122391,4,0.0
1738177123,87.716,87.729,0.0,0,1738177123050,134,0.0
1738177123,87.715,87.729,0.0,0,1738177123144,130,0.0
1738177124,87.716,87.729,0.0,0,1738177124152,130,0.0
1738177124,87.716,87.73,0.0,0,1738177124763,4,0.0
1738177125,87.718,87.73,0.0,0,1738177125166,130,0.0
1738177126,87.715,87.73,0.0,0,1738177126176,130,0.0
1738177126,87.714,87.73,0.0,0,1738177126377,130,0.0
1738177126,87.715,87.731,0.0,0,1738177126680,134,0.0
1738177127,87.717,87.731,0.0,0,1738177127185,130,0.0
1738177127,87.716,87.729,0.0,0,1738177127796,134,0.0
1738177128,87.717,87.731,0.0,0,1738177128004,134,0.0
1738177129,87.714,87.728,0.0,0,1738177129653,134,0.0
1738177129,87.715,87.728,0.0,0,1738177129816,130,0.0
1738177130,87.716,87.728,0.0,0,1738177130022,130,0.0
1738177130,87.717,87.729,0.0,0,1738177130423,134,0.0
1738177131,87.716,87.731,0.0,0,1738177131028,134,0.0
1738177131,87.716,87.732,0.0,0,1738177131435,4,0.0
1738177132,87.716,87.731,0.0,0,1738177132041,4,0.0
1738177132,87.714,87.728,0.0,0,1738177132291,134,0.0
1738177132,87.712,87.727,0.0,0,1738177132449,134,0.0
1738177132,87.714,87.729,0.0,0,1738177132952,134,0.0
1738177133,87.714,87.73,0.0,0,1738177133053,4,0.0
1738177133,87.716,87.732,0.0,0,1738177133280,134,0.0
1738177134,87.714,87.732,0.0,0,1738177134061,130,0.0
1738177136,87.716,87.732,0.0,0,1738177136082,130,0.0
1738177136,87.715,87.731,0.0,0,1738177136691,134,0.0
1738177137,87.716,87.731,0.0,0,1738177137570,130,0.0
1738177137,87.715,87.731,0.0,0,1738177137903,130,0.0
1738177138,87.716,87.731,0.0,0,1738177138230,130,0.0
1738177138,87.715,87.73,0.0,0,1738177138306,134,0.0
1738177138,87.716,87.731,0.0,0,1738177138559,134,0.0
1738177139,87.716,87.729,0.0,0,1738177139220,4,0.0
1738177139,87.715,87.729,0.0,0,1738177139317,130,0.0
1738177139,87.716,87.729,0.0,0,1738177139727,130,0.0
1738177139,87.714,87.728,0.0,0,1738177139925,134,0.0
1738177140,87.718,87.729,0.0,0,1738177140209,134,0.0
1738177140,87.716,87.727,0.0,0,1738177140540,134,0.0
1738177140,87.717,87.728,0.0,0,1738177140731,134,0.0
1738177140,87.718,87.73,0.0,0,1738177140934,134,0.0
1738177141,87.716,87.732,0.0,0,1738177141198,134,0.0
1738177142,87.716,87.734,0.0,0,1738177142190,4,0.0
1738177143,87.716,87.735,0.0,0,1738177143840,4,0.0
1738177143,87.715,87.733,0.0,0,1738177143970,134,0.0
1738177144,87.716,87.733,0.0,0,1738177144175,130,0.0
1738177144,87.716,87.732,0.0,0,1738177144500,4,0.0
1738177144,87.716,87.733,0.0,0,1738177144569,4,0.0
1738177144,87.716,87.732,0.0,0,1738177144830,4,0.0
1738177144,87.716,87.733,0.0,0,1738177144975,4,0.0
1738177145,87.717,87.734,0.0,0,1738177145490,134,0.0
1738177145,87.718,87.735,0.0,0,1738177145988,134,0.0
1738177146,87.719,87.734,0.0,0,1738177146192,134,0.0
1738177146,87.718,87.733,0.0,0,1738177146998,134,0.0
1738177147,87.721,87.739,0.0,0,1738177147200,134,0.0
1738177148,87.72,87.738,0.0,0,1738177148462,134,0.0
1738177148,87.717,87.735,0.0,0,1738177148613,134,0.0
1738177148,87.717,87.736,0.0,0,1738177148814,4,0.0
1738177149,87.717,87.735,0.0,0,1738177149119,4,0.0
1738177149,87.719,87.735,0.0,0,1738177149217,130,0.0
1738177149,87.718,87.735,0.0,0,1738177149453,130,0.0
1738177149,87.722,87.738,0.0,0,1738177149828,134,0.0
1738177150,87.719,87.737,0.0,0,1738177150109,134,0.0
1738177150,87.718,87.736,0.0,0,1738177150840,134,0.0
1738177152,87.718,87.735,0.0,0,1738177152090,4,0.0
1738177152,87.718,87.736,0.0,0,1738177152454,4,0.0
1738177152,87.718,87.735,0.0,0,1738177152857,4,0.0
1738177153,87.718,87.736,0.0,0,1738177153079,4,0.0
1738177154,87.719,87.736,0.0,0,1738177154069,130,0.0
1738177156,87.719,87.735,0.0,0,1738177156090,4,0.0
1738177157,87.721,87.735,0.0,0,1738177157100,130,0.0
1738177157,87.715,87.729,0.0,0,1738177157369,134,0.0
1738177157,87.716,87.731,0.0,0,1738177157505,134,0.0
1738177157,87.717,87.731,0.0,0,1738177157707,130,0.0
1738177158,87.716,87.731,0.0,0,1738177158030,130,0.0
1738177158,87.715,87.732,0.0,0,1738177158109,134,0.0
1738177158,87.716,87.732,0.0,0,1738177158359,130,0.0
1738177159,87.716,87.733,0.0,0,1738177159023,4,0.0
1738177159,87.716,87.732,0.0,0,1738177159117,4,0.0
1738177159,87.713,87.73,0.0,0,1738177159525,134,0.0
1738177159,87.712,87.728,0.0,0,1738177159724,134,0.0
1738177160,87.709,87.725,0.0,0,1738177160341,134,0.0
1738177160,87.712,87.728,0.0,0,1738177160532,134,0.0
1738177161,87.712,87.727,0.0,0,1738177161137,4,0.0
1738177161,87.713,87.728,0.0,0,1738177161339,134,0.0
1738177161,87.714,87.729,0.0,0,1738177161661,134,0.0
1738177161,87.715,87.73,0.0,0,1738177161991,134,0.0
1738177162,87.714,87.729,0.0,0,1738177162147,134,0.0
1738177162,87.715,87.729,0.0,0,1738177162360,130,0.0
1738177162,87.715,87.73,0.0,0,1738177162650,4,0.0
1738177162,87.715,87.729,0.0,0,1738177162752,4,0.0
1738177162,87.715,87.73,0.0,0,1738177162980,4,0.0
1738177163,87.714,87.73,0.0,0,1738177163155,130,0.0
1738177163,87.711,87.727,0.0,0,1738177163642,134,0.0
1738177164,87.711,87.726,0.0,0,1738177164169,4,0.0
1738177164,87.711,87.727,0.0,0,1738177164630,4,0.0
1738177164,87.711,87.726,0.0,0,1738177164772,4,0.0
1738177164,87.71,87.725,0.0,0,1738177164974,134,0.0
1738177165,87.713,87.728,0.0,0,1738177165620,134,0.0
1738177167,87.712,87.727,0.0,0,1738177167270,134,0.0
1738177167,87.714,87.728,0.0,0,1738177167602,134,0.0
1738177168,87.717,87.732,0.0,0,1738177168007,134,0.0
1738177168,87.715,87.73,0.0,0,1738177168920,134,0.0
1738177170,87.714,87.728,0.0,0,1738177170431,134,0.0
1738177170,87.715,87.73,0.0,0,1738177170633,134,0.0
1738177171,87.713,87.728,0.0,0,1738177171891,134,0.0
1738177172,87.714,87.728,0.0,0,1738177172047,130,0.0
1738177172,87.71,87.725,0.0,0,1738177172879,134,0.0
1738177174,87.711,87.726,0.0,0,1738177174203,134,0.0
1738177174,87.71,87.725,0.0,0,1738177174273,134,0.0
1738177174,87.712,87.727,0.0,0,1738177174531,134,0.0
1738177175,87.71,87.725,0.0,0,1738177175279,134,0.0
1738177175,87.711,87.726,0.0,0,1738177175683,134,0.0
1738177176,87.71,87.726,0.0,0,1738177176183,130,0.0
1738177176,87.711,87.727,0.0,0,1738177176693,134,0.0
1738177176,87.717,87.732,0.0,0,1738177176897,134,0.0
1738177177,87.718,87.732,0.0,0,1738177177171,130,0.0
1738177178,87.716,87.733,0.0,0,1738177178161,134,0.0
1738177178,87.716,87.734,0.0,0,1738177178918,4,0.0
1738177179,87.715,87.731,0.0,0,1738177179149,134,0.0
1738177180,87.716,87.733,0.0,0,1738177180801,134,0.0
1738177180,87.716,87.732,0.0,0,1738177180940,4,0.0
1738177182,87.715,87.732,0.0,0,1738177182450,130,0.0
1738177183,87.716,87.732,0.0,0,1738177183160,130,0.0
1738177184,87.713,87.729,0.0,0,1738177184430,134,0.0
1738177185,87.711,87.73,0.0,0,1738177185179,134,0.0
1738177186,87.712,87.73,0.0,0,1738177186081,130,0.0
1738177187,87.711,87.73,0.0,0,1738177187402,130,0.0
1738177192,87.712,87.73,0.0,0,1738177192349,130,0.0
1738177192,87.713,87.732,0.0,0,1738177192448,134,0.0
1738177193,87.715,87.732,0.0,0,1738177193053,130,0.0
1738177193,87.717,87.733,0.0,0,1738177193456,134,0.0
1738177195,87.717,87.732,0.0,0,1738177195070,4,0.0
1738177195,87.714,87.729,0.0,0,1738177195674,134,0.0
1738177196,87.716,87.73,0.0,0,1738177196482,134,0.0
1738177197,87.714,87.732,0.0,0,1738177197087,134,0.0
1738177197,87.713,87.731,0.0,0,1738177197299,134,0.0
1738177198,87.715,87.731,0.0,0,1738177198098,130,0.0
1738177198,87.713,87.73,0.0,0,1738177198300,134,0.0
1738177198,87.714,87.73,0.0,0,1738177198619,130,0.0
1738177198,87.713,87.73,0.0,0,1738177198950,130,0.0
1738177199,87.714,87.728,0.0,0,1738177199107,134,0.0
1738177200,87.714,87.728,0.0,0,1738177200048,130,0.0
1738177200,87.716,87.729,0.0,0,1738177200272,134,0.0
1738177200,87.718,87.73,0.0,0,1738177200381,134,0.0
1738177201,87.717,87.731,0.0,0,1738177201262,134,0.0
1738177201,87.718,87.731,0.0,0,1738177201922,130,0.0
1738177201,87.717,87.731,0.0,0,1738177201998,130,0.0
1738177202,87.719,87.731,0.0,0,1738177202249,130,0.0
1738177203,87.716,87.728,0.0,0,1738177203900,134,0.0
1738177204,87.715,87.726,0.0,0,1738177204023,134,0.0
1738177204,87.718,87.729,0.0,0,1738177204230,134,0.0
1738177205,87.725,87.736,0.0,0,1738177205040,134,0.0
1738177205,87.723,87.734,0.0,0,1738177205242,134,0.0
1738177205,87.722,87.733,0.0,0,1738177205551,134,0.0
1738177205,87.72,87.731,0.0,0,1738177205882,134,0.0
1738177206,87.717,87.736,0.0,0,1738177206052,134,0.0
1738177206,87.715,87.734,0.0,0,1738177206254,134,0.0
1738177206,87.716,87.735,0.0,0,1738177206664,134,0.0
1738177206,87.715,87.734,0.0,0,1738177206869,134,0.0
1738177207,87.717,87.736,0.0,0,1738177207066,134,0.0
1738177207,87.716,87.735,0.0,0,1738177207670,134,0.0
1738177209,87.716,87.733,0.0,0,1738177209178,4,0.0
1738177209,87.718,87.735,0.0,0,1738177209290,134,0.0
1738177209,87.717,87.734,0.0,0,1738177209898,134,0.0
1738177210,87.72,87.735,0.0,0,1738177210170,134,0.0
1738177210,87.719,87.735,0.0,0,1738177210304,130,0.0
1738177212,87.72,87.734,0.0,0,1738177212151,134,0.0
1738177213,87.726,87.738,0.0,0,1738177213142,134,0.0
1738177213,87.727,87.739,0.0,0,1738177213470,134,0.0
1738177213,87.727,87.74,0.0,0,1738177213545,4,0.0
1738177213,87.728,87.74,0.0,0,1738177213799,130,0.0
1738177214,87.725,87.743,0.0,0,1738177214149,134,0.0
1738177215,87.726,87.745,0.0,0,1738177215450,134,0.0
1738177216,87.725,87.743,0.0,0,1738177216783,134,0.0
1738177217,87.725,87.744,0.0,0,1738177217100,4,0.0
1738177217,87.725,87.743,0.0,0,1738177217184,4,0.0
1738177217,87.725,87.744,0.0,0,1738177217591,4,0.0
1738177218,87.725,87.743,0.0,0,1738177218091,4,0.0
1738177218,87.726,87.744,0.0,0,1738177218199,134,0.0
1738177218,87.725,87.744,0.0,0,1738177218605,130,0.0
1738177218,87.727,87.745,0.0,0,1738177218806,134,0.0
1738177219,87.724,87.742,0.0,0,1738177219416,134,0.0
1738177219,87.726,87.745,0.0,0,1738177219740,134,0.0
1738177219,87.727,87.745,0.0,0,1738177219828,130,0.0
1738177220,87.726,87.745,0.0,0,1738177220229,130,0.0
1738177220,87.726,87.744,0.0,0,1738177220431,4,0.0
1738177220,87.727,87.746,0.0,0,1738177220729,134,0.0
1738177221,87.728,87.746,0.0,0,1738177221058,130,0.0
1738177221,87.726,87.745,0.0,0,1738177221841,134,0.0
1738177222,87.726,87.743,0.0,0,1738177222049,4,0.0
1738177222,87.728,87.745,0.0,0,1738177222452,134,0.0
1738177222,87.73,87.747,0.0,0,1738177222854,134,0.0
1738177223,87.731,87.746,0.0,0,1738177223054,134,0.0
1738177223,87.728,87.744,0.0,0,1738177223371,134,0.0
1738177223,87.728,87.743,0.0,0,1738177223458,4,0.0
1738177224,87.728,87.742,0.0,0,1738177224064,4,0.0
1738177224,87.727,87.741,0.0,0,1738177224360,134,0.0
1738177224,87.728,87.742,0.0,0,1738177224872,134,0.0
1738177225,87.73,87.744,0.0,0,1738177225074,134,0.0
1738177225,87.728,87.742,0.0,0,1738177225482,134,0.0
1738177226,87.727,87.741,0.0,0,1738177226012,134,0.0
1738177226,87.734,87.747,0.0,0,1738177226084,134,0.0
1738177226,87.733,87.746,0.0,0,1738177226343,134,0.0
1738177226,87.731,87.744,0.0,0,1738177226491,134,0.0
1738177227,87.731,87.743,0.0,0,1738177227330,4,0.0
1738177228,87.734,87.748,0.0,0,1738177228106,134,0.0
1738177228,87.736,87.75,0.0,0,1738177228320,134,0.0
1738177228,87.735,87.749,0.0,0,1738177228510,134,0.0
1738177229,87.732,87.747,0.0,0,1738177229319,134,0.0
1738177230,87.734,87.749,0.0,0,1738177230732,134,0.0
1738177231,87.736,87.749,0.0,0,1738177231135,130,0.0
1738177231,87.735,87.749,0.0,0,1738177231340,130,0.0
1738177231,87.734,87.747,0.0,0,1738177231950,134,0.0
1738177232,87.732,87.745,0.0,0,1738177232147,134,0.0
1738177232,87.734,87.747,0.0,0,1738177232347,134,0.0
1738177232,87.733,87.746,0.0,0,1738177232611,134,0.0
1738177233,87.735,87.75,0.0,0,1738177233270,134,0.0
1738177233,87.737,87.752,0.0,0,1738177233357,134,0.0
1738177233,87.737,87.751,0.0,0,1738177233762,4,0.0
1738177234,87.735,87.754,0.0,0,1738177234259,134,0.0
1738177234,87.733,87.753,0.0,0,1738177234591,134,0.0
1738177234,87.735,87.754,0.0,0,1738177234770,134,0.0
1738177235,87.737,87.753,0.0,0,1738177235250,134,0.0
1738177235,87.738,87.754,0.0,0,1738177235582,134,0.0
1738177236,87.738,87.752,0.0,0,1738177236241,4,0.0
1738177236,87.737,87.752,0.0,0,1738177236595,130,0.0
1738177236,87.738,87.753,0.0,0,1738177236901,134,0.0
1738177236,87.739,87.753,0.0,0,1738177236994,130,0.0
1738177237,87.742,87.756,0.0,0,1738177237230,134,0.0
1738177237,87.741,87.756,0.0,0,1738177237602,130,0.0
1738177238,87.74,87.755,0.0,0,1738177238003,134,0.0
1738177238,87.738,87.758,0.0,0,1738177238219,134,0.0
1738177239,87.738,87.756,0.0,0,1738177239216,4,0.0
1738177240,87.74,87.756,0.0,0,1738177240025,130,0.0
1738177241,87.742,87.755,0.0,0,1738177241035,134,0.0
1738177242,87.741,87.754,0.0,0,1738177242043,134,0.0
1738177242,87.744,87.757,0.0,0,1738177242855,134,0.0
1738177243,87.746,87.757,0.0,0,1738177243169,130,0.0
1738177243,87.747,87.758,0.0,0,1738177243501,134,0.0
1738177243,87.748,87.76,0.0,0,1738177243662,134,0.0
1738177243,87.748,87.759,0.0,0,1738177243865,4,0.0
1738177244,87.746,87.765,0.0,0,1738177244160,134,0.0
1738177244,87.745,87.765,0.0,0,1738177244277,130,0.0
1738177244,87.747,87.766,0.0,0,1738177244491,134,0.0
1738177244,87.745,87.764,0.0,0,1738177244678,134,0.0
1738177244,87.748,87.767,0.0,0,1738177244874,134,0.0
1738177245,87.749,87.768,0.0,0,1738177245279,134,0.0
1738177245,87.751,87.771,0.0,0,1738177245481,134,0.0
1738177245,87.75,87.769,0.0,0,1738177245885,134,0.0
1738177247,87.752,87.771,0.0,0,1738177247131,134,0.0
1738177247,87.75,87.769,0.0,0,1738177247300,134,0.0
1738177249,87.755,87.774,0.0,0,1738177249118,134,0.0
1738177249,87.752,87.771,0.0,0,1738177249769,134,0.0
1738177250,87.751,87.77,0.0,0,1738177250429,134,0.0
1738177250,87.753,87.772,0.0,0,1738177250759,134,0.0
1738177251,87.751,87.769,0.0,0,1738177251139,134,0.0
1738177251,87.752,87.771,0.0,0,1738177251419,134,0.0
1738177251,87.756,87.774,0.0,0,1738177251756,134,0.0
1738177252,87.755,87.773,0.0,0,1738177252149,134,0.0
1738177252,87.756,87.775,0.0,0,1738177252756,134,0.0
1738177253,87.758,87.777,0.0,0,1738177253069,134,0.0
1738177253,87.76,87.779,0.0,0,1738177253764,134,0.0
1738177254,87.761,87.78,0.0,0,1738177254389,134,0.0
1738177255,87.764,87.782,0.0,0,1738177255054,134,0.0
1738177255,87.765,87.783,0.0,0,1738177255179,134,0.0
1738177255,87.764,87.783,0.0,0,1738177255379,130,0.0
1738177255,87.763,87.782,0.0,0,1738177255709,134,0.0
1738177255,87.764,87.783,0.0,0,1738177255781,134,0.0
1738177256,87.761,87.78,0.0,0,1738177256039,134,0.0
1738177256,87.762,87.781,0.0,0,1738177256391,134,0.0
1738177256,87.759,87.777,0.0,0,1738177256792,134,0.0
1738177257,87.76,87.779,0.0,0,1738177257400,134,0.0
1738177258,87.762,87.781,0.0,0,1738177258020,134,0.0
1738177258,87.761,87.78,0.0,0,1738177258207,134,0.0
1738177258,87.767,87.786,0.0,0,1738177258411,134,0.0
1738177258,87.763,87.782,0.0,0,1738177258680,134,0.0
1738177259,87.765,87.784,0.0,0,1738177259824,134,0.0
1738177260,87.763,87.782,0.0,0,1738177260029,134,0.0
1738177260,87.769,87.788,0.0,0,1738177260660,134,0.0
1738177260,87.77,87.788,0.0,0,1738177260836,130,0.0
1738177261,87.77,87.787,0.0,0,1738177261039,4,0.0
1738177261,87.766,87.783,0.0,0,1738177261441,134,0.0
1738177261,87.762,87.78,0.0,0,1738177261650,134,0.0
1738177262,87.766,87.783,0.0,0,1738177262046,134,0.0
1738177262,87.767,87.784,0.0,0,1738177262309,134,0.0
1738177262,87.766,87.783,0.0,0,1738177262454,134,0.0
1738177263,87.767,87.784,0.0,0,1738177263666,134,0.0
1738177264,87.769,87.784,0.0,0,1738177264070,130,0.0
1738177264,87.769,87.785,0.0,0,1738177264288,4,0.0
1738177264,87.77,87.785,0.0,0,1738177264472,130,0.0
1738177264,87.772,87.788,0.0,0,1738177264676,134,0.0
1738177265,87.772,87.786,0.0,0,1738177265076,4,0.0
1738177265,87.774,87.788,0.0,0,1738177265609,134,0.0
1738177265,87.772,87.786,0.0,0,1738177265681,134,0.0
1738177266,87.774,87.789,0.0,0,1738177266089,134,0.0
1738177266,87.772,87.788,0.0,0,1738177266289,134,0.0
1738177266,87.778,87.793,0.0,0,1738177266697,134,0.0
1738177266,87.774,87.79,0.0,0,1738177266931,134,0.0
1738177267,87.772,87.791,0.0,0,1738177267099,134,0.0
1738177267,87.771,87.789,0.0,0,1738177267298,134,0.0
1738177267,87.773,87.792,0.0,0,1738177267592,134,0.0
1738177267,87.778,87.796,0.0,0,1738177267704,134,0.0
1738177267,87.776,87.795,0.0,0,1738177267921,134,0.0
1738177268,87.777,87.795,0.0,0,1738177268578,130,0.0
1738177268,87.775,87.794,0.0,0,1738177268915,134,0.0
1738177269,87.773,87.791,0.0,0,1738177269320,134,0.0
1738177269,87.773,87.792,0.0,0,1738177269570,4,0.0
1738177269,87.777,87.796,0.0,0,1738177269723,134,0.0
1738177269,87.788,87.807,0.0,0,1738177269930,134,0.0
1738177270,87.785,87.804,0.0,0,1738177270229,134,0.0
1738177270,87.787,87.805,0.0,0,1738177270331,134,0.0
1738177270,87.789,87.808,0.0,0,1738177270562,134,0.0
1738177270,87.793,87.811,0.0,0,1738177270734,134,0.0
1738177270,87.792,87.811,0.0,0,1738177270934,130,0.0
1738177271,87.791,87.811,0.0,0,1738177271219,130,0.0
1738177271,87.794,87.813,0.0,0,1738177271556,134,0.0
1738177271,87.789,87.808,0.0,0,1738177271742,134,0.0
1738177272,87.787,87.807,0.0,0,1738177272209,134,0.0
1738177272,87.791,87.81,0.0,0,1738177272354,134,0.0
1738177272,87.79,87.809,0.0,0,1738177272958,134,0.0
1738177273,87.792,87.811,0.0,0,1738177273207,134,0.0
1738177273,87.799,87.819,0.0,0,1738177273363,134,0.0
1738177273,87.804,87.824,0.0,0,1738177273565,134,0.0
1738177273,87.804,87.823,0.0,0,1738177273865,4,0.0
1738177273,87.805,87.824,0.0,0,1738177273968,134,0.0
1738177274,87.803,87.822,0.0,0,1738177274191,134,0.0
1738177274,87.806,87.825,0.0,0,1738177274372,134,0.0
1738177275,87.808,87.827,0.0,0,1738177275508,134,0.0
1738177275,87.808,87.828,0.0,0,1738177275586,4,0.0
1738177275,87.809,87.828,0.0,0,1738177275840,130,0.0
1738177275,87.813,87.832,0.0,0,1738177275991,134,0.0
1738177276,87.812,87.831,0.0,0,1738177276195,134,0.0
1738177276,87.809,87.828,0.0,0,1738177276500,134,0.0
1738177276,87.808,87.827,0.0,0,1738177276597,134,0.0
1738177277,87.806,87.825,0.0,0,1738177277205,134,0.0
1738177277,87.805,87.825,0.0,0,1738177277489,130,0.0
1738177277,87.804,87.824,0.0,0,1738177277608,134,0.0
1738177277,87.806,87.826,0.0,0,1738177277820,134,0.0
1738177278,87.807,87.826,0.0,0,1738177278014,130,0.0
1738177278,87.805,87.825,0.0,0,1738177278215,134,0.0
1738177278,87.807,87.826,0.0,0,1738177278617,134,0.0
1738177278,87.806,87.826,0.0,0,1738177278825,130,0.0
1738177279,87.807,87.827,0.0,0,1738177279138,134,0.0
1738177279,87.804,87.823,0.0,0,1738177279468,134,0.0
1738177279,87.802,87.821,0.0,0,1738177279831,134,0.0
1738177280,87.801,87.82,0.0,0,1738177280131,134,0.0
1738177280,87.796,87.815,0.0,0,1738177280235,134,0.0
1738177280,87.794,87.814,0.0,0,1738177280458,134,0.0
1738177280,87.796,87.815,0.0,0,1738177280642,134,0.0
1738177281,87.794,87.813,0.0,0,1738177281117,134,0.0
1738177281,87.793,87.812,0.0,0,1738177281780,134,0.0
1738177281,87.794,87.813,0.0,0,1738177281857,134,0.0
1738177282,87.793,87.813,0.0,0,1738177282111,130,0.0
1738177282,87.792,87.811,0.0,0,1738177282260,134,0.0
1738177282,87.791,87.81,0.0,0,1738177282770,134,0.0
1738177283,87.789,87.808,0.0,0,1738177283758,134,0.0
1738177283,87.786,87.805,0.0,0,1738177283876,134,0.0
1738177284,87.788,87.806,0.0,0,1738177284090,134,0.0
1738177284,87.789,87.808,0.0,0,1738177284748,134,0.0
1738177285,87.788,87.806,0.0,0,1738177285741,134,0.0
1738177285,87.789,87.808,0.0,0,1738177285895,134,0.0
1738177286,87.789,87.806,0.0,0,1738177286097,4,0.0
1738177286,87.798,87.815,0.0,0,1738177286401,134,0.0
1738177286,87.799,87.817,0.0,0,1738177286505,134,0.0
1738177286,87.8,87.817,0.0,0,1738177286730,130,0.0
1738177286,87.801,87.819,0.0,0,1738177286906,134,0.0
1738177287,87.801,87.82,0.0,0,1738177287109,4,0.0
1738177287,87.803,87.822,0.0,0,1738177287389,134,0.0
1738177287,87.802,87.821,0.0,0,1738177287514,134,0.0
1738177288,87.801,87.82,0.0,0,1738177288378,134,0.0
1738177288,87.803,87.822,0.0,0,1738177288520,134,0.0
1738177288,87.8,87.818,0.0,0,1738177288727,134,0.0
1738177289,87.801,87.82,0.0,0,1738177289039,134,0.0
1738177289,87.801,87.819,0.0,0,1738177289127,4,0.0
1738177289,87.798,87.816,0.0,0,1738177289370,134,0.0
1738177289,87.796,87.815,0.0,0,1738177289531,134,0.0
1738177289,87.798,87.816,0.0,0,1738177289735,134,0.0
1738177290,87.796,87.815,0.0,0,1738177290029,134,0.0
1738177290,87.795,87.814,0.0,0,1738177290542,134,0.0
1738177291,87.797,87.816,0.0,0,1738177291679,134,0.0
1738177291,87.804,87.822,0.0,0,1738177291757,134,0.0
1738177292,87.808,87.827,0.0,0,1738177292010,134,0.0
1738177292,87.81,87.827,0.0,0,1738177292160,130,0.0
1738177292,87.812,87.829,0.0,0,1738177292361,134,0.0
1738177292,87.811,87.828,0.0,0,1738177292669,134,0.0
1738177292,87.809,87.826,0.0,0,1738177292767,134,0.0
1738177293,87.808,87.825,0.0,0,1738177293000,134,0.0
1738177293,87.808,87.827,0.0,0,1738177293171,4,0.0
1738177293,87.809,87.828,0.0,0,1738177293661,134,0.0
1738177293,87.807,87.826,0.0,0,1738177293782,134,0.0
1738177293,87.807,87.827,0.0,0,1738177293989,4,0.0
1738177294,87.804,87.823,0.0,0,1738177294180,134,0.0
1738177294,87.805,87.825,0.0,0,1738177294383,134,0.0
1738177294,87.809,87.828,0.0,0,1738177294649,134,0.0
1738177294,87.807,87.827,0.0,0,1738177294788,134,0.0
1738177295,87.81,87.83,0.0,0,1738177295394,134,0.0
1738177296,87.806,87.826,0.0,0,1738177296004,134,0.0
1738177296,87.808,87.827,0.0,0,1738177296300,134,0.0
1738177296,87.807,87.826,0.0,0,1738177296409,134,0.0
1738177296,87.808,87.827,0.0,0,1738177296631,134,0.0
1738177296,87.806,87.826,0.0,0,1738177296809,134,0.0
1738177297,87.807,87.827,0.0,0,1738177297293,134,0.0
1738177297,87.812,87.832,0.0,0,1738177297415,134,0.0
1738177297,87.809,87.828,0.0,0,1738177297621,134,0.0
1738177297,87.811,87.83,0.0,0,1738177297814,134,0.0
1738177298,87.812,87.831,0.0,0,1738177298016,134,0.0
1738177298,87.809,87.828,0.0,0,1738177298279,134,0.0
1738177299,87.804,87.823,0.0,0,1738177299269,134,0.0
1738177299,87.803,87.822,0.0,0,1738177299637,134,0.0
1738177299,87.805,87.824,0.0,0,1738177299933,134,0.0
1738177300,87.804,87.823,0.0,0,1738177300038,134,0.0
1738177300,87.803,87.822,0.0,0,1738177300643,134,0.0
1738177301,87.805,87.824,0.0,0,1738177301050,134,0.0
1738177301,87.804,87.823,0.0,0,1738177301256,134,0.0
1738177301,87.805,87.824,0.0,0,1738177301652,134,0.0
1738177301,87.804,87.823,0.0,0,1738177301909,134,0.0
1738177302,87.807,87.826,0.0,0,1738177302055,134,0.0
1738177302,87.805,87.824,0.0,0,1738177302258,134,0.0
1738177303,87.805,87.823,0.0,0,1738177303067,4,0.0
1738177303,87.804,87.821,0.0,0,1738177303561,134,0.0
1738177303,87.803,87.82,0.0,0,1738177303671,134,0.0
1738177303,87.804,87.822,0.0,0,1738177303891,134,0.0
1738177304,87.808,87.826,0.0,0,1738177304279,134,0.0
1738177304,87.809,87.827,0.0,0,1738177304550,134,0.0
1738177304,87.81,87.828,0.0,0,1738177304685,134,0.0
1738177305,87.809,87.826,0.0,0,1738177305207,134,0.0
1738177305,87.807,87.825,0.0,0,1738177305291,134,0.0
1738177305,87.806,87.824,0.0,0,1738177305539,134,0.0
1738177306,87.8,87.818,0.0,0,1738177306299,134,0.0
1738177306,87.798,87.816,0.0,0,1738177306704,134,0.0
1738177306,87.801,87.819,0.0,0,1738177306907,134,0.0
1738177307,87.8,87.817,0.0,0,1738177307188,134,0.0
1738177307,87.801,87.819,0.0,0,1738177307311,134,0.0
1738177307,87.801,87.818,0.0,0,1738177307518,4,0.0
1738177307,87.802,87.82,0.0,0,1738177307715,134,0.0
1738177309,87.804,87.82,0.0,0,1738177309171,130,0.0
1738177309,87.809,87.825,0.0,0,1738177309330,134,0.0
1738177309,87.806,87.822,0.0,0,1738177309536,134,0.0
1738177310,87.803,87.819,0.0,0,1738177310160,134,0.0
1738177310,87.798,87.814,0.0,0,1738177310542,134,0.0
1738177310,87.802,87.818,0.0,0,1738177310820,134,0.0
1738177310,87.803,87.819,0.0,0,1738177310947,134,0.0
1738177311,87.799,87.817,0.0,0,1738177311153,134,0.0
1738177311,87.8,87.818,0.0,0,1738177311477,134,0.0
1738177311,87.801,87.819,0.0,0,1738177311809,134,0.0
1738177311,87.802,87.819,0.0,0,1738177311962,130,0.0
1738177312,87.802,87.82,0.0,0,1738177312163,4,0.0
1738177312,87.804,87.821,0.0,0,1738177312565,134,0.0
1738177312,87.803,87.821,0.0,0,1738177312800,130,0.0
1738177313,87.804,87.822,0.0,0,1738177313980,134,0.0
1738177314,87.804,87.821,0.0,0,1738177314449,4,0.0
1738177314,87.802,87.82,0.0,0,1738177314583,134,0.0
1738177315,87.804,87.82,0.0,0,1738177315191,130,0.0
1738177315,87.803,87.819,0.0,0,1738177315439,134,0.0
1738177315,87.801,87.817,0.0,0,1738177315798,134,0.0
1738177316,87.802,87.818,0.0,0,1738177316806,134,0.0
1738177317,87.802,87.816,0.0,0,1738177317211,4,0.0
1738177317,87.803,87.817,0.0,0,1738177317419,134,0.0
1738177317,87.801,87.816,0.0,0,1738177317748,134,0.0
1738177317,87.804,87.818,0.0,0,1738177317816,134,0.0
1738177318,87.802,87.817,0.0,0,1738177318464,134,0.0
1738177318,87.801,87.816,0.0,0,1738177318777,134,0.0
1738177318,87.803,87.817,0.0,0,1738177318867,134,0.0
1738177319,87.804,87.817,0.0,0,1738177319109,130,0.0
1738177319,87.803,87.816,0.0,0,1738177319769,134,0.0
1738177319,87.806,87.819,0.0,0,1738177319876,134,0.0
1738177320,87.806,87.819,0.0,0,1738177320098,130,0.0
1738177320,87.804,87.817,0.0,0,1738177320281,134,0.0
1738177320,87.808,87.821,0.0,0,1738177320490,134,0.0
1738177320,87.807,87.82,0.0,0,1738177320757,134,0.0
1738177320,87.806,87.819,0.0,0,1738177320889,134,0.0
1738177321,87.805,87.818,0.0,0,1738177321091,134,0.0
1738177321,87.809,87.822,0.0,0,1738177321416,134,0.0
1738177321,87.806,87.819,0.0,0,1738177321493,134,0.0
1738177322,87.805,87.818,0.0,0,1738177322102,134,0.0
1738177322,87.808,87.821,0.0,0,1738177322911,134,0.0
1738177323,87.807,87.82,0.0,0,1738177323118,134,0.0
1738177323,87.808,87.821,0.0,0,1738177323515,134,0.0
1738177324,87.808,87.819,0.0,0,1738177324119,4,0.0
1738177324,87.805,87.816,0.0,0,1738177324388,134,0.0
1738177324,87.802,87.814,0.0,0,1738177324730,134,0.0
1738177325,87.803,87.815,0.0,0,1738177325050,134,0.0
1738177325,87.806,87.818,0.0,0,1738177325376,134,0.0
1738177326,87.805,87.817,0.0,0,1738177326038,134,0.0
1738177326,87.807,87.818,0.0,0,1738177326367,134,0.0
1738177326,87.805,87.817,0.0,0,1738177326542,134,0.0
1738177326,87.804,87.816,0.0,0,1738177326743,134,0.0
1738177327,87.804,87.815,0.0,0,1738177327686,4,0.0
1738177328,87.8,87.811,0.0,0,1738177328161,134,0.0
1738177328,87.798,87.81,0.0,0,1738177328361,134,0.0
1738177328,87.798,87.809,0.0,0,1738177328770,4,0.0
1738177329,87.796,87.808,0.0,0,1738177329008,134,0.0
1738177329,87.794,87.806,0.0,0,1738177329175,134,0.0
1738177329,87.795,87.806,0.0,0,1738177329669,130,0.0
1738177329,87.792,87.803,0.0,0,1738177329776,134,0.0
1738177329,87.791,87.803,0.0,0,1738177329997,130,0.0
1738177330,87.791,87.805,0.0,0,1738177330183,4,0.0
1738177330,87.794,87.807,0.0,0,1738177330657,134,0.0
1738177330,87.793,87.806,0.0,0,1738177330993,134,0.0
1738177331,87.793,87.805,0.0,0,1738177331318,4,0.0
1738177331,87.79,87.802,0.0,0,1738177331809,134,0.0
1738177332,87.787,87.798,0.0,0,1738177332007,134,0.0
1738177332,87.788,87.799,0.0,0,1738177332406,134,0.0
1738177332,87.786,87.798,0.0,0,1738177332638,134,0.0
1738177332,87.783,87.795,0.0,0,1738177332809,134,0.0
1738177333,87.786,87.797,0.0,0,1738177333017,134,0.0
1738177333,87.786,87.798,0.0,0,1738177333416,4,0.0
1738177333,87.787,87.798,0.0,0,1738177333627,130,0.0
1738177333,87.79,87.801,0.0,0,1738177333822,134,0.0
1738177334,87.793,87.805,0.0,0,1738177334023,134,0.0
1738177334,87.797,87.809,0.0,0,1738177334427,134,0.0
1738177334,87.796,87.807,0.0,0,1738177334949,134,0.0
1738177335,87.796,87.808,0.0,0,1738177335031,4,0.0
1738177335,87.793,87.811,0.0,0,1738177335278,134,0.0
1738177335,87.794,87.811,0.0,0,1738177335440,130,0.0
1738177335,87.795,87.812,0.0,0,1738177335640,134,0.0
1738177335,87.794,87.812,0.0,0,1738177335937,130,0.0
1738177336,87.797,87.814,0.0,0,1738177336267,134,0.0
1738177336,87.793,87.809,0.0,0,1738177336649,134,0.0
1738177336,87.797,87.814,0.0,0,1738177336929,134,0.0
1738177337,87.793,87.809,0.0,0,1738177337057,134,0.0
1738177337,87.797,87.811,0.0,0,1738177337257,134,0.0
1738177337,87.8,87.814,0.0,0,1738177337588,134,0.0
1738177337,87.801,87.816,0.0,0,1738177337659,134,0.0
1738177337,87.801,87.815,0.0,0,1738177337918,4,0.0
1738177338,87.8,87.814,0.0,0,1738177338267,134,0.0
1738177339,87.801,87.814,0.0,0,1738177339075,130,0.0
1738177339,87.799,87.812,0.0,0,1738177339680,134,0.0
1738177340,87.802,87.815,0.0,0,1738177340287,134,0.0
1738177340,87.801,87.814,0.0,0,1738177340556,134,0.0
1738177340,87.799,87.813,0.0,0,1738177340894,134,0.0
1738177341,87.8,87.813,0.0,0,1738177341703,130,0.0
1738177342,87.799,87.812,0.0,0,1738177342912,134,0.0
1738177343,87.799,87.811,0.0,0,1738177343196,4,0.0
1738177343,87.801,87.812,0.0,0,1738177343529,134,0.0
1738177343,87.797,87.809,0.0,0,1738177343720,134,0.0
1738177343,87.796,87.808,0.0,0,1738177343921,134,0.0
1738177344,87.795,87.808,0.0,0,1738177344187,130,0.0
1738177344,87.796,87.809,0.0,0,1738177344323,134,0.0
1738177344,87.795,87.808,0.0,0,1738177344534,134,0.0
1738177344,87.796,87.809,0.0,0,1738177344929,134,0.0
1738177346,87.796,87.807,0.0,0,1738177346168,4,0.0
1738177346,87.793,87.805,0.0,0,1738177346347,134,0.0
1738177346,87.792,87.803,0.0,0,1738177346549,134,0.0
1738177346,87.79,87.801,0.0,0,1738177346955,134,0.0
1738177347,87.788,87.799,0.0,0,1738177347160,134,0.0
1738177347,87.786,87.798,0.0,0,1738177347969,134,0.0
1738177348,87.783,87.795,0.0,0,1738177348171,134,0.0
1738177348,87.784,87.795,0.0,0,1738177348974,130,0.0
1738177349,87.785,87.796,0.0,0,1738177349585,134,0.0
1738177349,87.783,87.794,0.0,0,1738177349988,134,0.0
1738177350,87.781,87.793,0.0,0,1738177350595,134,0.0
1738177351,87.78,87.792,0.0,0,1738177351200,134,0.0
1738177351,87.78,87.791,0.0,0,1738177351449,4,0.0
1738177351,87.778,87.79,0.0,0,1738177351603,134,0.0
1738177351,87.779,87.79,0.0,0,1738177351807,130,0.0
1738177352,87.776,87.787,0.0,0,1738177352437,134,0.0
1738177352,87.777,87.789,0.0,0,1738177352613,134,0.0
1738177352,87.776,87.788,0.0,0,1738177352817,134,0.0
1738177353,87.78,87.792,0.0,0,1738177353430,134,0.0
1738177353,87.779,87.79,0.0,0,1738177353626,134,0.0
1738177353,87.774,87.786,0.0,0,1738177353831,134,0.0
1738177354,87.776,87.787,0.0,0,1738177354435,134,0.0
1738177354,87.777,87.789,0.0,0,1738177354839,134,0.0
1738177355,87.778,87.79,0.0,0,1738177355080,134,0.0
1738177355,87.776,87.788,0.0,0,1738177355242,134,0.0
1738177355,87.776,87.787,0.0,0,1738177355446,4,0.0
1738177355,87.775,87.787,0.0,0,1738177355737,130,0.0
1738177355,87.775,87.786,0.0,0,1738177355850,4,0.0
1738177356,87.774,87.785,0.0,0,1738177356256,134,0.0
1738177356,87.772,87.784,0.0,0,1738177356857,134,0.0
1738177357,87.77,87.781,0.0,0,1738177357058,134,0.0
1738177357,87.77,87.782,0.0,0,1738177357389,4,0.0
1738177357,87.771,87.782,0.0,0,1738177357866,130,0.0
1738177358,87.769,87.781,0.0,0,1738177358069,134,0.0
1738177358,87.772,87.784,0.0,0,1738177358379,134,0.0
1738177358,87.771,87.783,0.0,0,1738177358474,134,0.0
1738177358,87.77,87.781,0.0,0,1738177358709,134,0.0
1738177358,87.767,87.779,0.0,0,1738177358878,134,0.0
1738177359,87.769,87.781,0.0,0,1738177359370,134,0.0
1738177359,87.775,87.786,0.0,0,1738177359698,134,0.0
1738177359,87.777,87.789,0.0,0,1738177359892,134,0.0
1738177360,87.775,87.789,0.0,0,1738177360090,130,0.0
1738177360,87.772,87.786,0.0,0,1738177360492,134,0.0
1738177361,87.773,87.786,0.0,0,1738177361100,130,0.0
1738177361,87.77,87.783,0.0,0,1738177361349,134,0.0
1738177361,87.769,87.781,0.0,0,1738177361506,134,0.0
1738177361,87.771,87.784,0.0,0,1738177361710,134,0.0
1738177362,87.775,87.787,0.0,0,1738177362008,134,0.0
1738177362,87.773,87.787,0.0,0,1738177362114,130,0.0
1738177362,87.771,87.786,0.0,0,1738177362338,134,0.0
1738177362,87.77,87.784,0.0,0,1738177362516,134,0.0
1738177362,87.769,87.784,0.0,0,1738177362998,130,0.0
1738177363,87.768,87.783,0.0,0,1738177363731,134,0.0
1738177364,87.77,87.783,0.0,0,1738177364136,130,0.0
1738177364,87.772,87.785,0.0,0,1738177364743,134,0.0
1738177364,87.775,87.788,0.0,0,1738177364978,134,0.0
1738177365,87.773,87.786,0.0,0,1738177365144,134,0.0
1738177365,87.775,87.788,0.0,0,1738177365346,134,0.0
1738177365,87.774,87.787,0.0,0,1738177365747,134,0.0
1738177366,87.775,87.788,0.0,0,1738177366758,134,0.0
1738177366,87.776,87.789,0.0,0,1738177366962,134,0.0
1738177367,87.773,87.786,0.0,0,1738177367289,134,0.0
1738177367,87.778,87.791,0.0,0,1738177367622,134,0.0
1738177367,87.777,87.79,0.0,0,1738177367976,134,0.0
1738177368,87.778,87.791,0.0,0,1738177368278,134,0.0
1738177368,87.775,87.788,0.0,0,1738177368784,134,0.0
1738177368,87.779,87.792,0.0,0,1738177368984,134,0.0
1738177369,87.778,87.791,0.0,0,1738177369267,134,0.0
1738177369,87.782,87.795,0.0,0,1738177369382,134,0.0
1738177369,87.78,87.793,0.0,0,1738177369598,134,0.0
1738177370,87.778,87.793,0.0,0,1738177370256,130,0.0
1738177370,87.779,87.794,0.0,0,1738177370603,134,0.0
1738177370,87.778,87.793,0.0,0,1738177370915,134,0.0
1738177371,87.782,87.796,0.0,0,1738177371248,134,0.0
1738177371,87.781,87.796,0.0,0,1738177371612,130,0.0
1738177372,87.782,87.796,0.0,0,1738177372011,130,0.0
1738177372,87.78,87.795,0.0,0,1738177372416,134,0.0
1738177372,87.782,87.797,0.0,0,1738177372897,134,0.0
1738177373,87.785,87.798,0.0,0,1738177373231,134,0.0
1738177373,87.785,87.799,0.0,0,1738177373632,4,0.0
1738177373,87.785,87.798,0.0,0,1738177373888,4,0.0
1738177374,87.786,87.799,0.0,0,1738177374234,134,0.0
1738177375,87.784,87.797,0.0,0,1738177375043,134,0.0
1738177375,87.788,87.801,0.0,0,1738177375248,134,0.0
1738177375,87.79,87.803,0.0,0,1738177375650,134,0.0
1738177375,87.789,87.802,0.0,0,1738177375867,134,0.0
1738177376,87.788,87.802,0.0,0,1738177376662,130,0.0
1738177376,87.79,87.803,0.0,0,1738177376868,134,0.0
1738177377,87.789,87.801,0.0,0,1738177377518,134,0.0
1738177377,87.787,87.8,0.0,0,1738177377671,134,0.0
1738177377,87.784,87.796,0.0,0,1738177377874,134,0.0
1738177378,87.782,87.796,0.0,0,1738177378177,130,0.0
1738177379,87.784,87.798,0.0,0,1738177379498,134,0.0
1738177379,87.788,87.803,0.0,0,1738177379893,134,0.0
1738177380,87.787,87.803,0.0,0,1738177380159,130,0.0
1738177380,87.791,87.807,0.0,0,1738177380301,134,0.0
1738177380,87.788,87.804,0.0,0,1738177380510,134,0.0
1738177380,87.786,87.802,0.0,0,1738177380816,134,0.0
1738177381,87.786,87.8,0.0,0,1738177381146,4,0.0
1738177382,87.784,87.798,0.0,0,1738177382138,134,0.0
1738177382,87.788,87.803,0.0,0,1738177382320,134,0.0
1738177382,87.79,87.804,0.0,0,1738177382797,134,0.0
1738177382,87.787,87.801,0.0,0,1738177382929,134,0.0
1738177383,87.784,87.798,0.0,0,1738177383134,134,0.0
1738177383,87.783,87.797,0.0,0,1738177383458,134,0.0
1738177383,87.782,87.796,0.0,0,1738177383530,134,0.0
1738177384,87.78,87.799,0.0,0,1738177384146,134,0.0
1738177385,87.779,87.798,0.0,0,1738177385436,134,0.0
1738177385,87.78,87.799,0.0,0,1738177385767,134,0.0
1738177386,87.777,87.795,0.0,0,1738177386566,134,0.0
1738177386,87.774,87.792,0.0,0,1738177386764,134,0.0
1738177387,87.775,87.794,0.0,0,1738177387090,134,0.0
1738177387,87.772,87.79,0.0,0,1738177387171,134,0.0
1738177387,87.773,87.792,0.0,0,1738177387417,134,0.0
1738177387,87.776,87.795,0.0,0,1738177387784,134,0.0
1738177388,87.773,87.792,0.0,0,1738177388077,134,0.0
1738177388,87.773,87.791,0.0,0,1738177388178,4,0.0
1738177388,87.772,87.79,0.0,0,1738177388581,134,0.0
1738177389,87.776,87.793,0.0,0,1738177389397,134,0.0
1738177390,87.777,87.794,0.0,0,1738177390057,134,0.0
1738177390,87.775,87.793,0.0,0,1738177390199,134,0.0
1738177390,87.773,87.792,0.0,0,1738177390406,134,0.0
1738177390,87.775,87.794,0.0,0,1738177390716,134,0.0
1738177391,87.774,87.791,0.0,0,1738177391208,134,0.0
1738177392,87.775,87.792,0.0,0,1738177392221,134,0.0
1738177392,87.777,87.794,0.0,0,1738177392420,134,0.0
1738177393,87.778,87.794,0.0,0,1738177393355,130,0.0
1738177393,87.777,87.792,0.0,0,1738177393691,134,0.0
1738177393,87.78,87.796,0.0,0,1738177393840,134,0.0
1738177394,87.775,87.791,0.0,0,1738177394047,134,0.0
1738177394,87.775,87.792,0.0,0,1738177394347,4,0.0
1738177394,87.774,87.791,0.0,0,1738177394677,134,0.0
1738177394,87.773,87.79,0.0,0,1738177394848,134,0.0
1738177395,87.774,87.791,0.0,0,1738177395054,134,0.0
1738177395,87.772,87.792,0.0,0,1738177395336,134,0.0
1738177395,87.772,87.791,0.0,0,1738177395459,4,0.0
1738177395,87.771,87.79,0.0,0,1738177395668,134,0.0
1738177396,87.77,87.789,0.0,0,1738177396325,134,0.0
1738177396,87.771,87.79,0.0,0,1738177396469,134,0.0
1738177396,87.772,87.791,0.0,0,1738177396672,134,0.0
1738177396,87.774,87.793,0.0,0,1738177396986,134,0.0
1738177397,87.777,87.796,0.0,0,1738177397317,134,0.0
1738177398,87.779,87.798,0.0,0,1738177398966,134,0.0
1738177399,87.781,87.801,0.0,0,1738177399312,134,0.0
1738177399,87.779,87.798,0.0,0,1738177399627,134,0.0
1738177400,87.776,87.795,0.0,0,1738177400617,134,0.0
1738177400,87.777,87.796,0.0,0,1738177400718,134,0.0
1738177401,87.775,87.795,0.0,0,1738177401118,134,0.0
1738177401,87.777,87.796,0.0,0,1738177401323,134,0.0
1738177401,87.778,87.797,0.0,0,1738177401605,134,0.0
1738177402,87.776,87.795,0.0,0,1738177402597,134,0.0
1738177403,87.776,87.794,0.0,0,1738177403257,4,0.0
1738177403,87.777,87.794,0.0,0,1738177403746,130,0.0
1738177404,87.781,87.798,0.0,0,1738177404251,134,0.0
1738177404,87.779,87.797,0.0,0,1738177404352,134,0.0
1738177404,87.779,87.796,0.0,0,1738177404577,4,0.0
1738177405,87.779,87.798,0.0,0,1738177405236,4,0.0
1738177406,87.777,87.796,0.0,0,1738177406374,134,0.0
1738177406,87.777,87.797,0.0,0,1738177406578,4,0.0
1738177406,87.776,87.795,0.0,0,1738177406888,134,0.0
1738177407,87.774,87.794,0.0,0,1738177407217,134,0.0
1738177408,87.779,87.797,0.0,0,1738177408207,134,0.0
1738177408,87.778,87.796,0.0,0,1738177408598,134,0.0
1738177409,87.779,87.797,0.0,0,1738177409004,134,0.0
1738177409,87.78,87.798,0.0,0,1738177409207,134,0.0
1738177409,87.783,87.801,0.0,0,1738177409856,134,0.0
1738177411,87.784,87.802,0.0,0,1738177411506,134,0.0
1738177411,87.783,87.801,0.0,0,1738177411629,134,0.0
1738177411,87.782,87.8,0.0,0,1738177411837,134,0.0
1738177412,87.784,87.802,0.0,0,1738177412034,134,0.0
1738177412,87.784,87.8,0.0,0,1738177412236,4,0.0
1738177412,87.785,87.801,0.0,0,1738177412497,134,0.0
1738177412,87.784,87.8,0.0,0,1738177412640,134,0.0
1738177413,87.785,87.799,0.0,0,1738177413248,134,0.0
1738177413,87.785,87.8,0.0,0,1738177413488,4,0.0
1738177413,87.784,87.799,0.0,0,1738177413649,134,0.0
1738177414,87.782,87.797,0.0,0,1738177414256,134,0.0
1738177414,87.783,87.798,0.0,0,1738177414478,134,0.0
1738177414,87.781,87.796,0.0,0,1738177414660,134,0.0
1738177415,87.78,87.795,0.0,0,1738177415137,134,0.0
1738177415,87.781,87.796,0.0,0,1738177415469,134,0.0
1738177415,87.782,87.796,0.0,0,1738177415796,130,0.0
1738177415,87.781,87.795,0.0,0,1738177415871,134,0.0
1738177417,87.782,87.795,0.0,0,1738177417116,130,0.0
1738177417,87.784,87.797,0.0,0,1738177417289,134,0.0
1738177417,87.781,87.794,0.0,0,1738177417491,134,0.0
1738177417,87.782,87.795,0.0,0,1738177417778,134,0.0
1738177418,87.784,87.797,0.0,0,1738177418501,134,0.0
1738177418,87.783,87.796,0.0,0,1738177418766,134,0.0
1738177419,87.785,87.796,0.0,0,1738177419107,130,0.0
1738177419,87.783,87.795,0.0,0,1738177419756,134,0.0
1738177420,87.784,87.795,0.0,0,1738177420517,130,0.0
1738177421,87.783,87.795,0.0,0,1738177421407,130,0.0
1738177422,87.784,87.795,0.0,0,1738177422396,130,0.0
1738177422,87.783,87.795,0.0,0,1738177422538,130,0.0
1738177422,87.785,87.797,0.0,0,1738177422740,134,0.0
1738177423,87.788,87.799,0.0,0,1738177423059,134,0.0
1738177423,87.78,87.792,0.0,0,1738177423746,134,0.0
1738177424,87.776,87.795,0.0,0,1738177424151,134,0.0
1738177424,87.774,87.793,0.0,0,1738177424553,134,0.0
1738177425,87.775,87.793,0.0,0,1738177425161,130,0.0
1738177425,87.776,87.795,0.0,0,1738177425362,134,0.0
1738177425,87.773,87.791,0.0,0,1738177425767,134,0.0
1738177426,87.778,87.797,0.0,0,1738177426026,134,0.0
1738177426,87.775,87.794,0.0,0,1738177426173,134,0.0
1738177427,87.779,87.799,0.0,0,1738177427020,134,0.0
1738177427,87.778,87.797,0.0,0,1738177427179,134,0.0
1738177427,87.777,87.797,0.0,0,1738177427678,130,0.0
1738177427,87.78,87.8,0.0,0,1738177427787,134,0.0
1738177428,87.78,87.799,0.0,0,1738177428008,4,0.0
1738177429,87.783,87.802,0.0,0,1738177429002,134,0.0
1738177429,87.78,87.799,0.0,0,1738177429326,134,0.0
1738177430,87.783,87.803,0.0,0,1738177430317,134,0.0
1738177430,87.784,87.803,0.0,0,1738177430819,130,0.0
1738177431,87.784,87.804,0.0,0,1738177431024,4,0.0
1738177431,87.783,87.802,0.0,0,1738177431307,134,0.0
1738177431,87.787,87.807,0.0,0,1738177431832,134,0.0
1738177432,87.789,87.808,0.0,0,1738177432031,134,0.0
1738177432,87.79,87.808,0.0,0,1738177432296,130,0.0
1738177432,87.788,87.807,0.0,0,1738177432641,134,0.0
1738177433,87.787,87.806,0.0,0,1738177433287,134,0.0
1738177433,87.785,87.804,0.0,0,1738177433648,134,0.0
1738177434,87.786,87.805,0.0,0,1738177434052,134,0.0
1738177434,87.786,87.803,0.0,0,1738177434278,4,0.0
1738177434,87.784,87.802,0.0,0,1738177434937,134,0.0
1738177435,87.788,87.804,0.0,0,1738177435064,134,0.0
1738177435,87.786,87.801,0.0,0,1738177435268,134,0.0
1738177435,87.785,87.801,0.0,0,1738177435600,130,0.0
1738177436,87.788,87.808,0.0,0,1738177436072,134,0.0
1738177436,87.788,87.807,0.0,0,1738177436586,4,0.0
1738177436,87.786,87.806,0.0,0,1738177436679,134,0.0
1738177437,87.786,87.804,0.0,0,1738177437088,4,0.0
1738177437,87.785,87.802,0.0,0,1738177437908,134,0.0
1738177438,87.787,87.802,0.0,0,1738177438098,130,0.0
1738177438,87.786,87.801,0.0,0,1738177438296,134,0.0
1738177438,87.787,87.802,0.0,0,1738177438566,134,0.0
1738177439,87.781,87.795,0.0,0,1738177439225,134,0.0
1738177439,87.782,87.796,0.0,0,1738177439307,134,0.0
1738177440,87.78,87.799,0.0,0,1738177440214,134,0.0
1738177440,87.78,87.798,0.0,0,1738177440926,4,0.0
1738177441,87.781,87.797,0.0,0,1738177441207,134,0.0
1738177441,87.782,87.797,0.0,0,1738177441328,130,0.0
1738177441,87.78,87.796,0.0,0,1738177441937,134,0.0
1738177442,87.78,87.794,0.0,0,1738177442198,4,0.0
1738177442,87.782,87.796,0.0,0,1738177442342,134,0.0
1738177442,87.779,87.793,0.0,0,1738177442543,134,0.0
1738177443,87.778,87.792,0.0,0,1738177443553,134,0.0
1738177443,87.776,87.79,0.0,0,1738177443849,134,0.0
1738177444,87.778,87.79,0.0,0,1738177444177,130,0.0
1738177444,87.782,87.794,0.0,0,1738177444834,134,0.0
1738177444,87.781,87.794,0.0,0,1738177444969,130,0.0
1738177445,87.789,87.8,0.0,0,1738177445181,134,0.0
1738177445,87.786,87.797,0.0,0,1738177445497,134,0.0
1738177446,87.784,87.798,0.0,0,1738177446180,134,0.0
1738177446,87.783,87.797,0.0,0,1738177446486,134,0.0
1738177447,87.784,87.797,0.0,0,1738177447190,130,0.0
1738177447,87.785,87.797,0.0,0,1738177447595,130,0.0
1738177447,87.786,87.798,0.0,0,1738177447809,134,0.0
1738177448,87.787,87.799,0.0,0,1738177448004,134,0.0
1738177448,87.789,87.8,0.0,0,1738177448202,134,0.0
1738177449,87.79,87.801,0.0,0,1738177449126,134,0.0
1738177450,87.791,87.802,0.0,0,1738177450116,134,0.0
1738177450,87.792,87.803,0.0,0,1738177450447,134,0.0
1738177451,87.79,87.801,0.0,0,1738177451437,134,0.0
1738177452,87.789,87.8,0.0,0,1738177452096,134,0.0
1738177453,87.79,87.801,0.0,0,1738177453086,134,0.0
1738177453,87.792,87.803,0.0,0,1738177453747,134,0.0
1738177454,87.795,87.805,0.0,0,1738177454265,134,0.0
1738177456,87.794,87.805,0.0,0,1738177456080,130,0.0
1738177456,87.795,87.805,0.0,0,1738177456715,130,0.0
1738177457,87.793,87.804,0.0,0,1738177457706,134,0.0
1738177457,87.791,87.802,0.0,0,1738177457899,134,0.0
1738177458,87.789,87.8,0.0,0,1738177458104,134,0.0
1738177458,87.787,87.798,0.0,0,1738177458366,134,0.0
1738177458,87.789,87.8,0.0,0,1738177458505,134,0.0
1738177459,87.787,87.798,0.0,0,1738177459112,134,0.0
1738177459,87.79,87.801,0.0,0,1738177459516,134,0.0
1738177460,87.791,87.802,0.0,0,1738177460018,134,0.0
1738177460,87.793,87.804,0.0,0,1738177460123,134,0.0
1738177461,87.791,87.802,0.0,0,1738177461006,134,0.0
1738177461,87.79,87.801,0.0,0,1738177461336,134,0.0
1738177462,87.789,87.8,0.0,0,1738177462747,134,0.0
1738177462,87.787,87.798,0.0,0,1738177462986,134,0.0
1738177463,87.786,87.797,0.0,0,1738177463355,134,0.0
1738177463,87.787,87.798,0.0,0,1738177463645,134,0.0
1738177463,87.784,87.795,0.0,0,1738177463759,134,0.0
1738177463,87.782,87.793,0.0,0,1738177463979,134,0.0
1738177464,87.777,87.796,0.0,0,1738177464162,134,0.0
1738177464,87.776,87.795,0.0,0,1738177464364,134,0.0
1738177464,87.773,87.792,0.0,0,1738177464638,134,0.0
1738177464,87.775,87.794,0.0,0,1738177464768,134,0.0
1738177465,87.78,87.798,0.0,0,1738177465296,134,0.0
1738177466,87.78,87.799,0.0,0,1738177466285,4,0.0
1738177466,87.78,87.798,0.0,0,1738177466789,4,0.0
1738177467,87.78,87.797,0.0,0,1738177467274,4,0.0
1738177468,87.784,87.801,0.0,0,1738177468607,134,0.0
1738177469,87.784,87.803,0.0,0,1738177469256,4,0.0
1738177470,87.784,87.801,0.0,0,1738177470246,4,0.0
1738177471,87.787,87.804,0.0,0,1738177471034,134,0.0
1738177471,87.788,87.804,0.0,0,1738177471238,130,0.0
1738177471,87.786,87.801,0.0,0,1738177471895,134,0.0
1738177472,87.786,87.802,0.0,0,1738177472044,4,0.0
1738177472,87.782,87.798,0.0,0,1738177472247,134,0.0
1738177472,87.784,87.799,0.0,0,1738177472886,134,0.0
1738177473,87.782,87.799,0.0,0,1738177473057,130,0.0
1738177474,87.784,87.799,0.0,0,1738177474066,130,0.0
1738177474,87.784,87.8,0.0,0,1738177474673,4,0.0
1738177475,87.781,87.797,0.0,0,1738177475196,134,0.0
1738177475,87.781,87.796,0.0,0,1738177475684,4,0.0
1738177476,87.782,87.795,0.0,0,1738177476186,134,0.0
1738177476,87.783,87.795,0.0,0,1738177476900,130,0.0
1738177477,87.782,87.795,0.0,0,1738177477176,130,0.0
1738177477,87.781,87.794,0.0,0,1738177477910,134,0.0
1738177478,87.783,87.794,0.0,0,1738177478167,130,0.0
1738177478,87.787,87.798,0.0,0,1738177478313,134,0.0
1738177478,87.786,87.797,0.0,0,1738177478513,134,0.0
1738177478,87.787,87.798,0.0,0,1738177478826,134,0.0
1738177479,87.784,87.8,0.0,0,1738177479155,134,0.0
1738177479,87.785,87.8,0.0,0,1738177479929,130,0.0
1738177480,87.785,87.799,0.0,0,1738177480146,4,0.0
1738177480,87.784,87.798,0.0,0,1738177480940,134,0.0
1738177481,87.786,87.798,0.0,0,1738177481144,130,0.0
1738177481,87.786,87.799,0.0,0,1738177481544,4,0.0
1738177482,87.786,87.797,0.0,0,1738177482151,4,0.0
1738177483,87.788,87.799,0.0,0,1738177483445,134,0.0
1738177483,87.784,87.795,0.0,0,1738177483568,134,0.0
1738177483,87.782,87.793,0.0,0,1738177483777,134,0.0
1738177483,87.783,87.794,0.0,0,1738177483968,134,0.0
1738177484,87.78,87.794,0.0,0,1738177484173,130,0.0
1738177484,87.784,87.798,0.0,0,1738177484575,134,0.0
1738177484,87.788,87.803,0.0,0,1738177484775,134,0.0
1738177485,87.783,87.797,0.0,0,1738177485096,134,0.0
1738177485,87.783,87.799,0.0,0,1738177485181,4,0.0
1738177485,87.785,87.8,0.0,0,1738177485427,134,0.0
1738177485,87.785,87.801,0.0,0,1738177485786,4,0.0
1738177486,87.785,87.8,0.0,0,1738177486086,4,0.0
1738177486,87.784,87.798,0.0,0,1738177486192,134,0.0
1738177486,87.783,87.797,0.0,0,1738177486415,134,0.0
1738177487,87.784,87.797,0.0,0,1738177487201,130,0.0
1738177487,87.786,87.798,0.0,0,1738177487406,134,0.0
1738177487,87.786,87.799,0.0,0,1738177487734,4,0.0
1738177487,87.786,87.798,0.0,0,1738177487808,4,0.0
1738177488,87.786,87.799,0.0,0,1738177488066,4,0.0
1738177488,87.788,87.8,0.0,0,1738177488216,134,0.0
1738177488,87.788,87.801,0.0,0,1738177488728,4,0.0
1738177489,87.788,87.799,0.0,0,1738177489223,4,0.0
1738177489,87.787,87.798,0.0,0,1738177489829,134,0.0
1738177490,87.785,87.796,0.0,0,1738177490049,134,0.0
1738177491,87.786,87.796,0.0,0,1738177491043,130,0.0
1738177491,87.783,87.794,0.0,0,1738177491447,134,0.0
1738177491,87.784,87.794,0.0,0,1738177491699,130,0.0
1738177491,87.783,87.793,0.0,0,1738177491852,134,0.0
1738177492,87.778,87.797,0.0,0,1738177492059,134,0.0
1738177492,87.777,87.796,0.0,0,1738177492356,134,0.0
1738177492,87.776,87.795,0.0,0,1738177492686,134,0.0
1738177492,87.777,87.796,0.0,0,1738177492860,134,0.0
1738177493,87.776,87.795,0.0,0,1738177493063,134,0.0
1738177493,87.777,87.796,0.0,0,1738177493347,134,0.0
1738177493,87.778,87.797,0.0,0,1738177493676,134,0.0
1738177493,87.78,87.798,0.0,0,1738177493872,134,0.0
1738177495,87.78,87.797,0.0,0,1738177495081,4,0.0
1738177495,87.778,87.795,0.0,0,1738177495688,134,0.0
1738177496,87.78,87.795,0.0,0,1738177496092,130,0.0
1738177496,87.785,87.8,0.0,0,1738177496497,134,0.0
1738177496,87.785,87.801,0.0,0,1738177496696,4,0.0
1738177497,87.784,87.802,0.0,0,1738177497100,134,0.0
1738177497,87.782,87.801,0.0,0,1738177497302,134,0.0
1738177497,87.779,87.798,0.0,0,1738177497637,134,0.0
1738177497,87.784,87.802,0.0,0,1738177497708,134,0.0
1738177499,87.784,87.801,0.0,0,1738177499124,4,0.0
1738177499,87.783,87.8,0.0,0,1738177499325,134,0.0
1738177499,87.787,87.804,0.0,0,1738177499618,134,0.0
1738177499,87.786,87.803,0.0,0,1738177499728,134,0.0
1738177500,87.788,87.803,0.0,0,1738177500132,130,0.0
1738177500,87.789,87.804,0.0,0,1738177500740,134,0.0
1738177501,87.789,87.802,0.0,0,1738177501266,4,0.0
1738177502,87.79,87.802,0.0,0,1738177502255,130,0.0
1738177504,87.791,87.802,0.0,0,1738177504236,130,0.0
1738177504,87.792,87.802,0.0,0,1738177504572,130,0.0
1738177504,87.793,87.804,0.0,0,1738177504896,134,0.0
1738177504,87.793,87.803,0.0,0,1738177504977,4,0.0
1738177505,87.794,87.805,0.0,0,1738177505225,134,0.0
1738177505,87.793,87.803,0.0,0,1738177505381,134,0.0
1738177505,87.792,87.803,0.0,0,1738177505584,130,0.0
1738177505,87.793,87.804,0.0,0,1738177505887,134,0.0
1738177505,87.792,87.802,0.0,0,1738177505989,134,0.0
1738177506,87.79,87.801,0.0,0,1738177506217,134,0.0
1738177506,87.791,87.801,0.0,0,1738177506390,130,0.0
1738177506,87.792,87.802,0.0,0,1738177506874,134,0.0
1738177508,87.791,87.802,0.0,0,1738177508526,130,0.0
1738177508,87.79,87.8,0.0,0,1738177508611,134,0.0
1738177508,87.792,87.802,0.0,0,1738177508858,134,0.0
1738177509,87.789,87.8,0.0,0,1738177509516,134,0.0
1738177509,87.791,87.802,0.0,0,1738177509622,134,0.0
1738177509,87.79,87.8,0.0,0,1738177509845,134,0.0
1738177510,87.79,87.801,0.0,0,1738177510025,4,0.0
1738177511,87.789,87.803,0.0,0,1738177511238,134,0.0
1738177511,87.792,87.806,0.0,0,1738177511494,134,0.0
1738177512,87.791,87.805,0.0,0,1738177512254,134,0.0
1738177512,87.794,87.808,0.0,0,1738177512863,134,0.0
1738177513,87.796,87.81,0.0,0,1738177513270,134,0.0
1738177513,87.795,87.809,0.0,0,1738177513476,134,0.0
1738177513,87.793,87.807,0.0,0,1738177513667,134,0.0
1738177513,87.791,87.805,0.0,0,1738177513872,134,0.0
1738177514,87.793,87.805,0.0,0,1738177514136,130,0.0
1738177514,87.794,87.807,0.0,0,1738177514277,134,0.0
1738177514,87.792,87.804,0.0,0,1738177514481,134,0.0
1738177515,87.795,87.807,0.0,0,1738177515288,134,0.0
1738177515,87.796,87.809,0.0,0,1738177515491,134,0.0
1738177515,87.793,87.806,0.0,0,1738177515787,134,0.0
1738177515,87.794,87.806,0.0,0,1738177515893,130,0.0
1738177517,87.794,87.805,0.0,0,1738177517108,4,0.0
1738177517,87.793,87.804,0.0,0,1738177517513,134,0.0
1738177517,87.79,87.801,0.0,0,1738177517766,134,0.0
1738177517,87.791,87.802,0.0,0,1738177517912,134,0.0
1738177519,87.791,87.803,0.0,0,1738177519126,4,0.0
1738177520,87.791,87.802,0.0,0,1738177520135,4,0.0
1738177521,87.789,87.8,0.0,0,1738177521065,134,0.0
1738177521,87.788,87.799,0.0,0,1738177521551,134,0.0
1738177521,87.79,87.801,0.0,0,1738177521754,134,0.0
1738177522,87.787,87.798,0.0,0,1738177522056,134,0.0
1738177522,87.789,87.8,0.0,0,1738177522156,134,0.0
1738177525,87.787,87.798,0.0,0,1738177525390,134,0.0
1738177525,87.79,87.801,0.0,0,1738177525686,134,0.0
1738177525,87.789,87.8,0.0,0,1738177525792,134,0.0
1738177526,87.79,87.801,0.0,0,1738177526204,134,0.0
1738177526,87.791,87.802,0.0,0,1738177526403,134,0.0
1738177526,87.792,87.803,0.0,0,1738177526810,134,0.0
1738177527,87.791,87.802,0.0,0,1738177527014,134,0.0
1738177527,87.789,87.8,0.0,0,1738177527821,134,0.0
1738177528,87.789,87.799,0.0,0,1738177528425,4,0.0
1738177528,87.792,87.803,0.0,0,1738177528655,134,0.0
1738177528,87.793,87.803,0.0,0,1738177528830,130,0.0
1738177529,87.791,87.802,0.0,0,1738177529034,134,0.0
1738177529,87.791,87.801,0.0,0,1738177529316,4,0.0
1738177529,87.791,87.802,0.0,0,1738177529842,4,0.0
1738177530,87.791,87.801,0.0,0,1738177530045,4,0.0
1738177530,87.791,87.802,0.0,0,1738177530305,4,0.0
1738177531,87.793,87.803,0.0,0,1738177531956,134,0.0
1738177532,87.795,87.805,0.0,0,1738177532946,134,0.0
1738177533,87.796,87.806,0.0,0,1738177533075,134,0.0
1738177533,87.798,87.808,0.0,0,1738177533605,134,0.0
1738177534,87.797,87.807,0.0,0,1738177534694,134,0.0
1738177534,87.796,87.806,0.0,0,1738177534929,134,0.0
1738177538,87.794,87.804,0.0,0,1738177538228,134,0.0
1738177538,87.793,87.803,0.0,0,1738177538332,134,0.0
1738177538,87.792,87.803,0.0,0,1738177538555,130,0.0
1738177539,87.794,87.804,0.0,0,1738177539216,134,0.0
1738177540,87.795,87.806,0.0,0,1738177540865,134,0.0
1738177540,87.791,87.801,0.0,0,1738177540958,134,0.0
1738177541,87.792,87.802,0.0,0,1738177541967,134,0.0
1738177542,87.791,87.801,0.0,0,1738177542184,134,0.0
1738177542,87.791,87.802,0.0,0,1738177542576,4,0.0
1738177542,87.794,87.804,0.0,0,1738177542845,134,0.0
1738177543,87.795,87.805,0.0,0,1738177543836,134,0.0
1738177543,87.796,87.806,0.0,0,1738177543986,134,0.0
1738177545,87.795,87.805,0.0,0,1738177545201,134,0.0
1738177545,87.794,87.804,0.0,0,1738177545484,134,0.0
1738177545,87.793,87.803,0.0,0,1738177545605,134,0.0
1738177546,87.793,87.804,0.0,0,1738177546212,4,0.0
1738177546,87.794,87.804,0.0,0,1738177546818,130,0.0
1738177547,87.794,87.805,0.0,0,1738177547135,4,0.0
1738177547,87.794,87.804,0.0,0,1738177547221,4,0.0
1738177547,87.792,87.803,0.0,0,1738177547466,134,0.0
1738177547,87.791,87.801,0.0,0,1738177547628,134,0.0
1738177547,87.79,87.801,0.0,0,1738177547831,130,0.0
1738177548,87.792,87.802,0.0,0,1738177548126,134,0.0
1738177548,87.794,87.804,0.0,0,1738177548454,134,0.0
1738177549,87.79,87.808,0.0,0,1738177549243,134,0.0
1738177549,87.791,87.808,0.0,0,1738177549853,130,0.0
1738177550,87.793,87.81,0.0,0,1738177550107,134,0.0
1738177550,87.791,87.808,0.0,0,1738177550256,134,0.0
1738177550,87.791,87.809,0.0,0,1738177550454,4,0.0
1738177550,87.791,87.808,0.0,0,1738177550765,4,0.0
1738177551,87.79,87.807,0.0,0,1738177551267,134,0.0
1738177552,87.791,87.809,0.0,0,1738177552084,134,0.0
1738177552,87.792,87.809,0.0,0,1738177552277,130,0.0
1738177552,87.79,87.808,0.0,0,1738177552479,134,0.0
1738177552,87.791,87.808,0.0,0,1738177552882,130,0.0
1738177553,87.79,87.808,0.0,0,1738177553086,130,0.0
1738177553,87.792,87.809,0.0,0,1738177553406,134,0.0
1738177554,87.794,87.811,0.0,0,1738177554099,134,0.0
1738177554,87.797,87.814,0.0,0,1738177554503,134,0.0
1738177554,87.796,87.813,0.0,0,1738177554726,134,0.0
1738177554,87.797,87.814,0.0,0,1738177554911,134,0.0
1738177555,87.794,87.811,0.0,0,1738177555112,134,0.0
1738177555,87.795,87.812,0.0,0,1738177555386,134,0.0
1738177555,87.792,87.81,0.0,0,1738177555718,134,0.0
1738177556,87.793,87.81,0.0,0,1738177556045,130,0.0
1738177556,87.795,87.81,0.0,0,1738177556123,130,0.0
1738177556,87.796,87.811,0.0,0,1738177556377,134,0.0
1738177557,87.795,87.812,0.0,0,1738177557132,134,0.0
1738177557,87.793,87.81,0.0,0,1738177557366,134,0.0
1738177558,87.792,87.808,0.0,0,1738177558146,134,0.0
1738177558,87.794,87.809,0.0,0,1738177558355,134,0.0
1738177558,87.794,87.81,0.0,0,1738177558548,4,0.0
1738177558,87.796,87.811,0.0,0,1738177558749,134,0.0
1738177559,87.794,87.813,0.0,0,1738177559154,134,0.0
1738177559,87.793,87.812,0.0,0,1738177559359,134,0.0
1738177559,87.792,87.811,0.0,0,1738177559675,134,0.0
1738177560,87.792,87.811,0.0,0,1738177560009,130,0.0
1738177560,87.796,87.815,0.0,0,1738177560168,134,0.0
1738177560,87.794,87.813,0.0,0,1738177560369,134,0.0
1738177560,87.796,87.815,0.0,0,1738177560665,134,0.0
1738177560,87.797,87.816,0.0,0,1738177560995,134,0.0
1738177562,87.797,87.815,0.0,0,1738177562315,4,0.0
1738177563,87.796,87.813,0.0,0,1738177563305,134,0.0
1738177563,87.794,87.811,0.0,0,1738177563405,134,0.0
1738177564,87.794,87.812,0.0,0,1738177564417,4,0.0
1738177564,87.792,87.809,0.0,0,1738177564628,134,0.0
1738177565,87.793,87.81,0.0,0,1738177565023,134,0.0
1738177565,87.796,87.811,0.0,0,1738177565287,134,0.0
1738177565,87.796,87.812,0.0,0,1738177565426,4,0.0
1738177566,87.798,87.814,0.0,0,1738177566445,134,0.0
1738177566,87.795,87.81,0.0,0,1738177566642,134,0.0
1738177567,87.795,87.809,0.0,0,1738177567263,4,0.0
1738177567,87.794,87.808,0.0,0,1738177567452,134,0.0
1738177567,87.793,87.807,0.0,0,1738177567925,134,0.0
1738177569,87.794,87.808,0.0,0,1738177569074,134,0.0
1738177570,87.796,87.808,0.0,0,1738177570082,130,0.0
1738177570,87.794,87.807,0.0,0,1738177570284,134,0.0
1738177571,87.794,87.806,0.0,0,1738177571095,4,0.0
1738177573,87.794,87.805,0.0,0,1738177573317,4,0.0
1738177574,87.792,87.804,0.0,0,1738177574536,134,0.0
1738177574,87.789,87.801,0.0,0,1738177574854,134,0.0
1738177575,87.792,87.802,0.0,0,1738177575183,134,0.0
1738177575,87.792,87.803,0.0,0,1738177575340,4,0.0
1738177575,87.792,87.802,0.0,0,1738177575540,4,0.0
1738177576,87.788,87.802,0.0,0,1738177576175,130,0.0
1738177576,87.79,87.803,0.0,0,1738177576555,134,0.0
1738177576,87.792,87.805,0.0,0,1738177576834,134,0.0
1738177576,87.793,87.807,0.0,0,1738177576958,134,0.0
1738177577,87.795,87.809,0.0,0,1738177577968,134,0.0
1738177578,87.797,87.813,0.0,0,1738177578170,134,0.0
1738177578,87.794,87.811,0.0,0,1738177578485,134,0.0
1738177578,87.794,87.81,0.0,0,1738177578815,4,0.0
1738177578,87.794,87.811,0.0,0,1738177578981,4,0.0
1738177579,87.795,87.81,0.0,0,1738177579182,134,0.0
1738177579,87.796,87.811,0.0,0,1738177579475,134,0.0
1738177579,87.795,87.81,0.0,0,1738177579585,134,0.0
1738177580,87.796,87.811,0.0,0,1738177580193,134,0.0
1738177581,87.795,87.812,0.0,0,1738177581204,134,0.0
1738177582,87.796,87.812,0.0,0,1738177582214,130,0.0
1738177582,87.796,87.811,0.0,0,1738177582619,4,0.0
1738177583,87.795,87.809,0.0,0,1738177583227,134,0.0
1738177583,87.794,87.808,0.0,0,1738177583630,134,0.0
1738177584,87.793,87.807,0.0,0,1738177584439,134,0.0
1738177584,87.794,87.808,0.0,0,1738177584754,134,0.0
1738177584,87.793,87.807,0.0,0,1738177584843,134,0.0
1738177585,87.79,87.804,0.0,0,1738177585454,134,0.0
1738177585,87.792,87.806,0.0,0,1738177585855,134,0.0
1738177586,87.793,87.805,0.0,0,1738177586074,134,0.0
1738177586,87.789,87.801,0.0,0,1738177586735,134,0.0
1738177587,87.791,87.803,0.0,0,1738177587070,134,0.0
1738177589,87.789,87.801,0.0,0,1738177589088,134,0.0
1738177590,87.787,87.799,0.0,0,1738177590366,134,0.0
1738177590,87.784,87.796,0.0,0,1738177590505,134,0.0
1738177591,87.783,87.795,0.0,0,1738177591357,134,0.0
1738177592,87.784,87.796,0.0,0,1738177592729,134,0.0
1738177593,87.786,87.796,0.0,0,1738177593132,130,0.0
1738177594,87.786,87.798,0.0,0,1738177594142,4,0.0
1738177595,87.783,87.796,0.0,0,1738177595152,134,0.0
1738177596,87.784,87.796,0.0,0,1738177596163,130,0.0
1738177596,87.783,87.795,0.0,0,1738177596771,134,0.0
1738177596,87.785,87.797,0.0,0,1738177596974,134,0.0
1738177597,87.784,87.796,0.0,0,1738177597983,134,0.0
1738177598,87.783,87.795,0.0,0,1738177598287,134,0.0
1738177598,87.784,87.796,0.0,0,1738177598384,134,0.0
1738177599,87.785,87.797,0.0,0,1738177599801,134,0.0
1738177600,87.782,87.794,0.0,0,1738177600001,134,0.0
1738177601,87.783,87.795,0.0,0,1738177601414,134,0.0
1738177604,87.783,87.793,0.0,0,1738177604246,4,0.0
1738177605,87.783,87.794,0.0,0,1738177605875,4,0.0
1738177606,87.785,87.795,0.0,0,1738177606067,134,0.0
1738177606,87.783,87.794,0.0,0,1738177606673,134,0.0
1738177606,87.785,87.795,0.0,0,1738177606873,134,0.0
1738177609,87.782,87.792,0.0,0,1738177609901,134,0.0
1738177610,87.78,87.79,0.0,0,1738177610163,134,0.0
1738177610,87.779,87.789,0.0,0,1738177610825,134,0.0
1738177611,87.779,87.797,0.0,0,1738177611158,4,0.0
1738177611,87.778,87.796,0.0,0,1738177611815,134,0.0
1738177611,87.779,87.796,0.0,0,1738177611920,130,0.0
1738177612,87.78,87.798,0.0,0,1738177612325,134,0.0
1738177612,87.78,87.797,0.0,0,1738177612805,4,0.0
1738177615,87.781,87.798,0.0,0,1738177615444,134,0.0
1738177615,87.78,87.797,0.0,0,1738177615556,134,0.0
1738177615,87.775,87.793,0.0,0,1738177615775,134,0.0
1738177617,87.778,87.795,0.0,0,1738177617175,134,0.0
1738177618,87.776,87.794,0.0,0,1738177618415,134,0.0
1738177619,87.779,87.797,0.0,0,1738177619598,134,0.0
1738177619,87.776,87.794,0.0,0,1738177619798,134,0.0
1738177620,87.774,87.792,0.0,0,1738177620066,134,0.0
1738177620,87.773,87.791,0.0,0,1738177620725,134,0.0
1738177620,87.77,87.788,0.0,0,1738177620813,134,0.0
1738177621,87.771,87.788,0.0,0,1738177621055,130,0.0
1738177621,87.773,87.79,0.0,0,1738177621718,134,0.0
1738177621,87.771,87.789,0.0,0,1738177621825,134,0.0
1738177624,87.771,87.787,0.0,0,1738177624050,4,0.0
1738177625,87.77,87.786,0.0,0,1738177625344,134,0.0
1738177626,87.772,87.786,0.0,0,1738177626072,130,0.0
1738177626,87.773,87.787,0.0,0,1738177626334,134,0.0
1738177627,87.773,87.785,0.0,0,1738177627086,4,0.0
1738177627,87.773,87.786,0.0,0,1738177627983,4,0.0
1738177628,87.772,87.784,0.0,0,1738177628703,134,0.0
1738177629,87.773,87.784,0.0,0,1738177629110,130,0.0
1738177629,87.774,87.785,0.0,0,1738177629965,134,0.0
1738177631,87.775,87.785,0.0,0,1738177631615,130,0.0
1738177631,87.774,87.785,0.0,0,1738177631944,130,0.0
1738177632,87.775,87.785,0.0,0,1738177632141,130,0.0
1738177632,87.774,87.785,0.0,0,1738177632343,130,0.0
1738177632,87.774,87.784,0.0,0,1738177632950,4,0.0
1738177633,87.778,87.787,0.0,0,1738177633267,134,0.0
1738177633,87.78,87.789,0.0,0,1738177633359,134,0.0
1738177633,87.778,87.787,0.0,0,1738177633592,134,0.0
1738177633,87.78,87.789,0.0,0,1738177633761,134,0.0
1738177633,87.78,87.79,0.0,0,1738177633963,4,0.0
1738177634,87.775,87.792,0.0,0,1738177634254,134,0.0
1738177635,87.769,87.786,0.0,0,1738177635245,134,0.0
1738177635,87.768,87.785,0.0,0,1738177635381,134,0.0
1738177635,87.771,87.788,0.0,0,1738177635580,134,0.0
1738177635,87.773,87.79,0.0,0,1738177635905,134,0.0
1738177636,87.778,87.795,0.0,0,1738177636392,134,0.0
1738177638,87.78,87.797,0.0,0,1738177638542,134,0.0
1738177640,87.778,87.795,0.0,0,1738177640034,134,0.0
1738177640,87.779,87.796,0.0,0,1738177640238,134,0.0
1738177640,87.777,87.794,0.0,0,1738177640523,134,0.0
1738177640,87.778,87.795,0.0,0,1738177640645,134,0.0
1738177641,87.777,87.794,0.0,0,1738177641854,134,0.0
1738177642,87.778,87.795,0.0,0,1738177642260,134,0.0
1738177642,87.777,87.794,0.0,0,1738177642504,134,0.0
1738177643,87.778,87.795,0.0,0,1738177643270,134,0.0
1738177644,87.777,87.794,0.0,0,1738177644814,134,0.0
1738177645,87.778,87.795,0.0,0,1738177645144,134,0.0
1738177645,87.777,87.794,0.0,0,1738177645290,134,0.0
1738177645,87.778,87.795,0.0,0,1738177645804,134,0.0
1738177646,87.778,87.793,0.0,0,1738177646134,4,0.0
1738177646,87.781,87.796,0.0,0,1738177646303,134,0.0
1738177646,87.779,87.794,0.0,0,1738177646505,134,0.0
1738177646,87.781,87.796,0.0,0,1738177646905,134,0.0
1738177647,87.778,87.794,0.0,0,1738177647313,134,0.0
1738177647,87.778,87.793,0.0,0,1738177647511,4,0.0
1738177647,87.778,87.794,0.0,0,1738177647917,4,0.0
1738177649,87.782,87.798,0.0,0,1738177649137,134,0.0
1738177650,87.781,87.796,0.0,0,1738177650426,134,0.0
1738177650,87.781,87.797,0.0,0,1738177650542,4,0.0
1738177650,87.781,87.796,0.0,0,1738177650755,4,0.0
1738177651,87.779,87.794,0.0,0,1738177651555,134,0.0
1738177652,87.778,87.794,0.0,0,1738177652564,130,0.0
1738177653,87.781,87.797,0.0,0,1738177653394,134,0.0
1738177653,87.777,87.792,0.0,0,1738177653576,134,0.0
1738177653,87.775,87.791,0.0,0,1738177653778,134,0.0
1738177654,87.774,87.79,0.0,0,1738177654386,134,0.0
1738177654,87.775,87.791,0.0,0,1738177654715,134,0.0
1738177654,87.775,87.79,0.0,0,1738177654788,4,0.0
1738177655,87.773,87.789,0.0,0,1738177655195,134,0.0
1738177655,87.775,87.79,0.0,0,1738177655394,134,0.0
1738177656,87.776,87.792,0.0,0,1738177656033,134,0.0
1738177657,87.776,87.79,0.0,0,1738177657213,4,0.0
1738177659,87.777,87.789,0.0,0,1738177659335,134,0.0
1738177659,87.776,87.789,0.0,0,1738177659432,130,0.0
1738177659,87.777,87.789,0.0,0,1738177659662,130,0.0
1738177659,87.778,87.79,0.0,0,1738177659838,134,0.0
1738177660,87.778,87.789,0.0,0,1738177660323,4,0.0
1738177660,87.776,87.787,0.0,0,1738177660443,134,0.0
1738177660,87.778,87.789,0.0,0,1738177660847,134,0.0
1738177661,87.779,87.79,0.0,0,1738177661454,134,0.0
1738177662,87.78,87.791,0.0,0,1738177662304,134,0.0
1738177664,87.781,87.792,0.0,0,1738177664614,134,0.0
1738177665,87.781,87.79,0.0,0,1738177665092,4,0.0
1738177665,87.779,87.789,0.0,0,1738177665934,134,0.0
1738177666,87.781,87.79,0.0,0,1738177666103,134,0.0
1738177666,87.779,87.789,0.0,0,1738177666926,134,0.0
1738177667,87.778,87.787,0.0,0,1738177667115,134,0.0
1738177667,87.778,87.788,0.0,0,1738177667317,4,0.0
1738177667,87.78,87.789,0.0,0,1738177667923,134,0.0
1738177669,87.775,87.785,0.0,0,1738177669337,134,0.0
1738177669,87.776,87.785,0.0,0,1738177669564,130,0.0
1738177670,87.773,87.785,0.0,0,1738177670225,130,0.0
1738177670,87.776,87.788,0.0,0,1738177670751,134,0.0
1738177671,87.778,87.788,0.0,0,1738177671213,130,0.0
1738177672,87.776,87.788,0.0,0,1738177672203,130,0.0
1738177673,87.778,87.788,0.0,0,1738177673194,130,0.0
1738177673,87.777,87.788,0.0,0,1738177673579,130,0.0
1738177674,87.776,87.787,0.0,0,1738177674996,134,0.0
1738177675,87.777,87.787,0.0,0,1738177675194,130,0.0
1738177676,87.778,87.787,0.0,0,1738177676205,130,0.0
1738177676,87.78,87.788,0.0,0,1738177676612,134,0.0
1738177677,87.779,87.788,0.0,0,1738177677011,130,0.0
1738177677,87.778,87.786,0.0,0,1738177677217,134,0.0
1738177677,87.778,87.787,0.0,0,1738177677483,4,0.0
1738177677,87.777,87.785,0.0,0,1738177677822,134,0.0
1738177678,87.774,87.783,0.0,0,1738177678474,134,0.0
1738177678,87.778,87.786,0.0,0,1738177678630,134,0.0
1738177678,87.778,87.787,0.0,0,1738177678833,4,0.0
1738177679,87.777,87.786,0.0,0,1738177679136,134,0.0
1738177680,87.778,87.786,0.0,0,1738177680127,130,0.0
1738177680,87.777,87.786,0.0,0,1738177680250,130,0.0
1738177682,87.778,87.786,0.0,0,1738177682763,130,0.0
1738177682,87.776,87.785,0.0,0,1738177682876,134,0.0
1738177683,87.777,87.785,0.0,0,1738177683282,130,0.0
1738177683,87.779,87.788,0.0,0,1738177683754,134,0.0
1738177684,87.778,87.786,0.0,0,1738177684413,134,0.0
1738177684,87.78,87.789,0.0,0,1738177684747,134,0.0
1738177684,87.782,87.791,0.0,0,1738177684895,134,0.0
1738177685,87.782,87.79,0.0,0,1738177685097,4,0.0
1738177685,87.782,87.791,0.0,0,1738177685404,4,0.0
1738177685,87.782,87.79,0.0,0,1738177685500,4,0.0
1738177685,87.782,87.791,0.0,0,1738177685734,4,0.0
1738177686,87.776,87.793,0.0,0,1738177686107,134,0.0
1738177686,87.778,87.795,0.0,0,1738177686512,134,0.0
1738177687,87.775,87.792,0.0,0,1738177687117,134,0.0
1738177688,87.775,87.79,0.0,0,1738177688126,4,0.0
1738177688,87.776,87.791,0.0,0,1738177688374,134,0.0
1738177688,87.776,87.792,0.0,0,1738177688531,4,0.0
1738177689,87.778,87.793,0.0,0,1738177689034,134,0.0
1738177689,87.78,87.793,0.0,0,1738177689139,130,0.0
1738177689,87.78,87.794,0.0,0,1738177689541,4,0.0
1738177689,87.78,87.793,0.0,0,1738177689746,4,0.0
1738177690,87.78,87.794,0.0,0,1738177690684,4,0.0
1738177690,87.78,87.793,0.0,0,1738177690756,4,0.0
1738177691,87.78,87.792,0.0,0,1738177691158,4,0.0
1738177692,87.781,87.792,0.0,0,1738177692169,130,0.0
1738177692,87.779,87.789,0.0,0,1738177692996,134,0.0
1738177693,87.778,87.789,0.0,0,1738177693179,130,0.0
1738177693,87.779,87.79,0.0,0,1738177693389,134,0.0
1738177693,87.778,87.789,0.0,0,1738177693653,134,0.0
1738177694,87.775,87.791,0.0,0,1738177694314,134,0.0
1738177695,87.777,87.791,0.0,0,1738177695305,130,0.0
1738177695,87.776,87.79,0.0,0,1738177695633,134,0.0
1738177695,87.774,87.787,0.0,0,1738177695808,134,0.0
1738177696,87.772,87.786,0.0,0,1738177696011,134,0.0
1738177696,87.772,87.784,0.0,0,1738177696294,4,0.0
1738177697,87.773,87.785,0.0,0,1738177697019,134,0.0
1738177697,87.771,87.788,0.0,0,1738177697284,134,0.0
1738177698,87.771,87.789,0.0,0,1738177698275,4,0.0
1738177700,87.768,87.786,0.0,0,1738177700651,134,0.0
1738177701,87.768,87.784,0.0,0,1738177701057,4,0.0
1738177702,87.769,87.784,0.0,0,1738177702068,130,0.0
1738177703,87.77,87.783,0.0,0,1738177703078,134,0.0
1738177703,87.767,87.78,0.0,0,1738177703555,134,0.0
1738177703,87.766,87.779,0.0,0,1738177703682,134,0.0
1738177704,87.766,87.781,0.0,0,1738177704213,4,0.0
1738177704,87.766,87.78,0.0,0,1738177704545,4,0.0
1738177705,87.766,87.779,0.0,0,1738177705203,4,0.0
1738177705,87.765,87.778,0.0,0,1738177705704,134,0.0
1738177705,87.766,87.779,0.0,0,1738177705904,134,0.0
1738177706,87.767,87.78,0.0,0,1738177706524,134,0.0
1738177706,87.768,87.781,0.0,0,1738177706714,134,0.0
1738177707,87.767,87.784,0.0,0,1738177707184,134,0.0
1738177709,87.766,87.783,0.0,0,1738177709341,134,0.0
1738177709,87.767,87.784,0.0,0,1738177709825,134,0.0
1738177709,87.769,87.786,0.0,0,1738177709953,134,0.0
1738177710,87.77,87.786,0.0,0,1738177710153,130,0.0
1738177710,87.771,87.786,0.0,0,1738177710815,130,0.0
1738177710,87.772,87.787,0.0,0,1738177710958,134,0.0
1738177711,87.771,87.789,0.0,0,1738177711161,134,0.0
1738177711,87.773,87.792,0.0,0,1738177711804,134,0.0
1738177711,87.77,87.789,0.0,0,1738177711970,134,0.0
1738177713,87.769,87.788,0.0,0,1738177713181,134,0.0
1738177713,87.77,87.789,0.0,0,1738177713452,134,0.0
1738177713,87.775,87.794,0.0,0,1738177713589,134,0.0
1738177713,87.776,87.794,0.0,0,1738177713787,130,0.0
1738177715,87.774,87.793,0.0,0,1738177715103,134,0.0
1738177716,87.771,87.79,0.0,0,1738177716094,134,0.0
1738177716,87.774,87.793,0.0,0,1738177716824,134,0.0
1738177717,87.777,87.796,0.0,0,1738177717227,134,0.0
1738177718,87.774,87.792,0.0,0,1738177718237,134,0.0
1738177718,87.775,87.793,0.0,0,1738177718842,134,0.0
1738177719,87.779,87.797,0.0,0,1738177719448,134,0.0
1738177720,87.781,87.8,0.0,0,1738177720056,134,0.0
1738177720,87.78,87.799,0.0,0,1738177720457,134,0.0
1738177721,87.78,87.798,0.0,0,1738177721468,4,0.0
1738177722,87.779,87.797,0.0,0,1738177722363,134,0.0
1738177722,87.779,87.798,0.0,0,1738177722694,4,0.0
1738177722,87.779,87.797,0.0,0,1738177722882,4,0.0
1738177723,87.779,87.798,0.0,0,1738177723692,4,0.0
1738177724,87.779,87.797,0.0,0,1738177724013,4,0.0
1738177724,87.779,87.798,0.0,0,1738177724502,4,0.0
1738177725,87.778,87.796,0.0,0,1738177725003,134,0.0
1738177725,87.777,87.796,0.0,0,1738177725106,130,0.0
1738177725,87.78,87.799,0.0,0,1738177725711,134,0.0
1738177725,87.779,87.797,0.0,0,1738177725993,134,0.0
1738177726,87.778,87.796,0.0,0,1738177726324,134,0.0
1738177727,87.778,87.794,0.0,0,1738177727127,4,0.0
1738177727,87.777,87.794,0.0,0,1738177727329,130,0.0
1738177727,87.778,87.794,0.0,0,1738177727643,130,0.0
1738177727,87.777,87.794,0.0,0,1738177727737,130,0.0
1738177728,87.78,87.797,0.0,0,1738177728340,134,0.0
1738177729,87.78,87.796,0.0,0,1738177729148,4,0.0
1738177729,87.779,87.796,0.0,0,1738177729351,130,0.0
1738177729,87.777,87.793,0.0,0,1738177729624,134,0.0
1738177730,87.778,87.793,0.0,0,1738177730283,130,0.0
1738177731,87.777,87.793,0.0,0,1738177731273,130,0.0
1738177731,87.777,87.794,0.0,0,1738177731601,4,0.0
1738177731,87.779,87.795,0.0,0,1738177731775,134,0.0
1738177732,87.78,87.795,0.0,0,1738177732266,130,0.0
1738177733,87.78,87.794,0.0,0,1738177733254,4,0.0
1738177733,87.778,87.791,0.0,0,1738177733396,134,0.0
1738177733,87.779,87.793,0.0,0,1738177733596,134,0.0
1738177733,87.779,87.792,0.0,0,1738177733999,4,0.0
1738177734,87.778,87.792,0.0,0,1738177734245,130,0.0
1738177734,87.778,87.791,0.0,0,1738177734404,4,0.0
1738177735,87.779,87.791,0.0,0,1738177735232,130,0.0
1738177735,87.778,87.79,0.0,0,1738177735893,134,0.0
1738177736,87.78,87.792,0.0,0,1738177736029,134,0.0
1738177738,87.781,87.792,0.0,0,1738177738247,130,0.0
1738177738,87.779,87.789,0.0,0,1738177738865,134,0.0
1738177740,87.779,87.789,0.0,0,1738177740184,130,0.0
1738177740,87.779,87.79,0.0,0,1738177740514,4,0.0
1738177740,87.779,87.789,0.0,0,1738177740677,4,0.0
1738177743,87.779,87.79,0.0,0,1738177743302,4,0.0
1738177743,87.781,87.791,0.0,0,1738177743912,134,0.0
1738177744,87.782,87.793,0.0,0,1738177744145,134,0.0
1738177744,87.782,87.792,0.0,0,1738177744524,4,0.0
1738177745,87.785,87.795,0.0,0,1738177745133,134,0.0
1738177745,87.786,87.796,0.0,0,1738177745527,134,0.0
1738177745,87.788,87.799,0.0,0,1738177745793,134,0.0
1738177745,87.788,87.798,0.0,0,1738177745933,4,0.0
1738177746,87.785,87.8,0.0,0,1738177746135,134,0.0
1738177746,87.782,87.797,0.0,0,1738177746944,134,0.0
1738177747,87.782,87.796,0.0,0,1738177747148,4,0.0
1738177748,87.781,87.799,0.0,0,1738177748156,134,0.0
1738177749,87.78,87.798,0.0,0,1738177749573,134,0.0
1738177749,87.783,87.801,0.0,0,1738177749777,134,0.0
1738177750,87.784,87.802,0.0,0,1738177750182,134,0.0
1738177751,87.785,87.803,0.0,0,1738177751075,134,0.0
1738177751,87.787,87.806,0.0,0,1738177751190,134,0.0
1738177751,87.787,87.805,0.0,0,1738177751406,4,0.0
1738177751,87.787,87.806,0.0,0,1738177751597,4,0.0
1738177752,87.787,87.805,0.0,0,1738177752201,4,0.0
1738177752,87.788,87.806,0.0,0,1738177752403,134,0.0
1738177752,87.793,87.811,0.0,0,1738177752723,134,0.0
1738177753,87.793,87.809,0.0,0,1738177753213,4,0.0
1738177753,87.792,87.808,0.0,0,1738177753415,134,0.0
1738177754,87.793,87.808,0.0,0,1738177754227,130,0.0
1738177755,87.793,87.807,0.0,0,1738177755362,4,0.0
1738177756,87.792,87.804,0.0,0,1738177756356,134,0.0
1738177756,87.79,87.802,0.0,0,1738177756448,134,0.0
1738177756,87.788,87.8,0.0,0,1738177756854,134,0.0
1738177757,87.784,87.8,0.0,0,1738177757056,130,0.0
1738177757,87.788,87.805,0.0,0,1738177757347,134,0.0
1738177758,87.788,87.807,0.0,0,1738177758066,4,0.0
1738177760,87.789,87.807,0.0,0,1738177760695,130,0.0
1738177761,87.789,87.806,0.0,0,1738177761100,4,0.0
1738177761,87.788,87.805,0.0,0,1738177761633,134,0.0
1738177761,87.784,87.801,0.0,0,1738177761706,134,0.0
1738177762,87.786,87.801,0.0,0,1738177762113,130,0.0
1738177762,87.784,87.8,0.0,0,1738177762718,134,0.0
1738177762,87.786,87.802,0.0,0,1738177762951,134,0.0
1738177763,87.785,87.803,0.0,0,1738177763130,134,0.0
1738177763,87.786,87.805,0.0,0,1738177763329,134,0.0
1738177764,87.786,87.803,0.0,0,1738177764133,4,0.0
1738177764,87.785,87.802,0.0,0,1738177764943,134,0.0
1738177765,87.786,87.801,0.0,0,1738177765262,134,0.0
1738177766,87.786,87.8,0.0,0,1738177766253,4,0.0
1738177766,87.785,87.798,0.0,0,1738177766582,134,0.0
1738177767,87.787,87.798,0.0,0,1738177767243,130,0.0
1738177768,87.787,87.797,0.0,0,1738177768232,4,0.0
1738177768,87.788,87.798,0.0,0,1738177768587,134,0.0
1738177768,87.789,87.799,0.0,0,1738177768991,134,0.0
1738177770,87.788,87.798,0.0,0,1738177770003,134,0.0
1738177770,87.789,87.799,0.0,0,1738177770607,134,0.0
1738177770,87.788,87.798,0.0,0,1738177770871,134,0.0
1738177772,87.783,87.794,0.0,0,1738177772222,134,0.0
1738177772,87.787,87.797,0.0,0,1738177772522,134,0.0
1738177772,87.783,87.794,0.0,0,1738177772624,134,0.0
1738177772,87.782,87.793,0.0,0,1738177772853,134,0.0
1738177774,87.78,87.791,0.0,0,1738177774842,134,0.0
1738177775,87.778,87.789,0.0,0,1738177775162,134,0.0
1738177775,87.777,87.788,0.0,0,1738177775246,134,0.0
1738177775,87.775,87.786,0.0,0,1738177775491,134,0.0
1738177776,87.771,87.79,0.0,0,1738177776155,134,0.0
1738177776,87.772,87.791,0.0,0,1738177776660,134,0.0
1738177777,87.776,87.796,0.0,0,1738177777268,134,0.0
1738177777,87.776,87.795,0.0,0,1738177777473,4,0.0
1738177777,87.776,87.796,0.0,0,1738177777802,4,0.0
1738177778,87.778,87.798,0.0,0,1738177778792,134,0.0
1738177778,87.779,87.798,0.0,0,1738177778889,130,0.0
1738177780,87.777,87.796,0.0,0,1738177780306,134,0.0
1738177780,87.776,87.794,0.0,0,1738177780508,134,0.0
1738177783,87.773,87.791,0.0,0,1738177783751,134,0.0
1738177784,87.774,87.793,0.0,0,1738177784761,134,0.0
1738177785,87.772,87.789,0.0,0,1738177785165,134,0.0
1738177785,87.77,87.787,0.0,0,1738177785392,134,0.0
1738177785,87.766,87.784,0.0,0,1738177785768,134,0.0
1738177786,87.763,87.78,0.0,0,1738177786172,134,0.0
1738177786,87.764,87.781,0.0,0,1738177786385,134,0.0
1738177787,87.764,87.783,0.0,0,1738177787187,4,0.0
1738177787,87.763,87.782,0.0,0,1738177787388,134,0.0
1738177789,87.768,87.787,0.0,0,1738177789022,134,0.0
1738177791,87.767,87.786,0.0,0,1738177791332,134,0.0
1738177791,87.768,87.787,0.0,0,1738177791440,134,0.0
1738177791,87.771,87.79,0.0,0,1738177791662,134,0.0
1738177792,87.772,87.791,0.0,0,1738177792046,134,0.0
1738177793,87.771,87.79,0.0,0,1738177793467,134,0.0
1738177794,87.771,87.789,0.0,0,1738177794077,4,0.0
1738177794,87.772,87.789,0.0,0,1738177794304,130,0.0
1738177795,87.773,87.789,0.0,0,1738177795080,130,0.0
1738177795,87.774,87.789,0.0,0,1738177795489,130,0.0
1738177795,87.773,87.789,0.0,0,1738177795952,130,0.0
1738177796,87.775,87.787,0.0,0,1738177796094,134,0.0
1738177796,87.776,87.789,0.0,0,1738177796613,134,0.0
1738177798,87.776,87.787,0.0,0,1738177798120,4,0.0
1738177798,87.775,87.786,0.0,0,1738177798591,134,0.0
1738177799,87.773,87.789,0.0,0,1738177799252,134,0.0
1738177800,87.773,87.788,0.0,0,1738177800243,134,0.0
1738177800,87.771,87.786,0.0,0,1738177800575,134,0.0
1738177800,87.768,87.783,0.0,0,1738177800754,134,0.0
1738177801,87.77,87.783,0.0,0,1738177801234,130,0.0
1738177801,87.77,87.784,0.0,0,1738177801564,4,0.0
1738177802,87.767,87.787,0.0,0,1738177802223,134,0.0
1738177802,87.766,87.786,0.0,0,1738177802576,134,0.0
1738177802,87.768,87.787,0.0,0,1738177802883,134,0.0
1738177803,87.769,87.789,0.0,0,1738177803213,134,0.0
1738177803,87.769,87.788,0.0,0,1738177803386,4,0.0
1738177803,87.77,87.79,0.0,0,1738177803589,134,0.0
1738177805,87.772,87.791,0.0,0,1738177805206,134,0.0
1738177806,87.775,87.794,0.0,0,1738177806015,134,0.0
1738177806,87.771,87.791,0.0,0,1738177806517,134,0.0
1738177807,87.77,87.789,0.0,0,1738177807028,134,0.0
1738177807,87.77,87.79,0.0,0,1738177807233,4,0.0
1738177807,87.774,87.793,0.0,0,1738177807838,134,0.0
1738177809,87.775,87.794,0.0,0,1738177809255,134,0.0
1738177810,87.778,87.795,0.0,0,1738177810143,134,0.0
1738177810,87.775,87.793,0.0,0,1738177810472,134,0.0
1738177811,87.775,87.792,0.0,0,1738177811131,4,0.0
1738177811,87.77,87.788,0.0,0,1738177811888,134,0.0
1738177812,87.77,87.786,0.0,0,1738177812123,4,0.0
1738177813,87.768,87.788,0.0,0,1738177813112,134,0.0
1738177813,87.773,87.792,0.0,0,1738177813301,134,0.0
1738177814,87.771,87.791,0.0,0,1738177814432,134,0.0
1738177814,87.776,87.795,0.0,0,1738177814518,134,0.0
1738177814,87.775,87.794,0.0,0,1738177814762,134,0.0
1738177815,87.776,87.795,0.0,0,1738177815934,134,0.0
1738177816,87.772,87.791,0.0,0,1738177816137,134,0.0
1738177816,87.771,87.79,0.0,0,1738177816412,134,0.0
1738177817,87.772,87.79,0.0,0,1738177817148,130,0.0
1738177817,87.771,87.788,0.0,0,1738177817402,134,0.0
1738177817,87.771,87.789,0.0,0,1738177817554,4,0.0
1738177818,87.77,87.788,0.0,0,1738177818158,134,0.0
1738177819,87.772,87.788,0.0,0,1738177819168,130,0.0
1738177819,87.773,87.789,0.0,0,1738177819383,134,0.0
1738177820,87.773,87.787,0.0,0,1738177820182,4,0.0
1738177820,87.774,87.789,0.0,0,1738177820387,134,0.0
1738177821,87.776,87.789,0.0,0,1738177821194,130,0.0
1738177821,87.773,87.786,0.0,0,1738177821401,134,0.0
1738177821,87.771,87.784,0.0,0,1738177821694,134,0.0
1738177822,87.77,87.786,0.0,0,1738177822207,134,0.0
1738177822,87.768,87.784,0.0,0,1738177822817,134,0.0
1738177823,87.767,87.784,0.0,0,1738177823018,130,0.0
1738177823,87.769,87.782,0.0,0,1738177823344,134,0.0
1738177824,87.775,87.786,0.0,0,1738177824332,134,0.0
1738177825,87.768,87.785,0.0,0,1738177825323,134,0.0
1738177826,87.767,87.786,0.0,0,1738177826054,134,0.0
1738177827,87.767,87.785,0.0,0,1738177827065,4,0.0
1738177828,87.767,87.782,0.0,0,1738177828080,4,0.0
1738177829,87.769,87.782,0.0,0,1738177829092,130,0.0
1738177830,87.772,87.784,0.0,0,1738177830104,134,0.0
1738177831,87.772,87.783,0.0,0,1738177831318,4,0.0
1738177832,87.77,87.782,0.0,0,1738177832936,134,0.0
1738177833,87.771,87.782,0.0,0,1738177833242,130,0.0
1738177833,87.77,87.781,0.0,0,1738177833748,134,0.0
1738177833,87.775,87.786,0.0,0,1738177833949,134,0.0
1738177835,87.775,87.787,0.0,0,1738177835222,4,0.0
1738177836,87.775,87.786,0.0,0,1738177836212,4,0.0
