time,bid,ask,last,volume,time_msc,flags,volume_real
1744768446,83575.46,83604.26,0.0,0,1744768446145,6,0.0
1744768446,83577.07,83605.87,0.0,0,1744768446310,6,0.0
1744768446,83577.14,83605.94,0.0,0,1744768446449,6,0.0
1744768446,83577.98,83606.78,0.0,0,1744768446553,6,0.0
1744768446,83577.86,83606.66,0.0,0,1744768446670,6,0.0
1744768446,83576.3,83605.1,0.0,0,1744768446785,6,0.0
1744768446,83576.46,83605.26,0.0,0,1744768446915,6,0.0
1744768447,83576.82,83605.62,0.0,0,1744768447041,6,0.0
1744768447,83577.98,83606.78,0.0,0,1744768447186,6,0.0
1744768447,83578.09,83606.89,0.0,0,1744768447294,6,0.0
1744768447,83578.54,83607.34,0.0,0,1744768447406,6,0.0
1744768447,83577.31,83606.11,0.0,0,1744768447520,6,0.0
1744768447,83577.21,83606.01,0.0,0,1744768447637,6,0.0
1744768447,83577.18,83605.98,0.0,0,1744768447753,6,0.0
1744768447,83576.98,83605.78,0.0,0,1744768447913,6,0.0
1744768448,83576.9,83605.7,0.0,0,1744768448061,6,0.0
1744768448,83577.44,83606.24,0.0,0,1744768448185,6,0.0
1744768448,83577.48,83606.28,0.0,0,1744768448297,6,0.0
1744768448,83577.73,83606.53,0.0,0,1744768448415,6,0.0
1744768448,83585.98,83614.78,0.0,0,1744768448466,6,0.0
1744768448,83590.46,83619.26,0.0,0,1744768448521,6,0.0
1744768448,83593.06,83621.86,0.0,0,1744768448629,6,0.0
1744768448,83602.75,83631.55,0.0,0,1744768448680,6,0.0
1744768448,83601.84,83630.65,0.0,0,1744768448783,6,0.0
1744768448,83601.84,83630.64,0.0,0,1744768448941,4,0.0
1744768449,83602.16,83630.96,0.0,0,1744768449055,6,0.0
1744768449,83602.47,83631.27,0.0,0,1744768449179,6,0.0
1744768449,83601.64,83630.44,0.0,0,1744768449302,6,0.0
1744768449,83592.92,83621.72,0.0,0,1744768449428,6,0.0
1744768449,83592.54,83621.34,0.0,0,1744768449552,6,0.0
1744768449,83592.48,83621.28,0.0,0,1744768449703,6,0.0
1744768449,83591.37,83620.17,0.0,0,1744768449848,6,0.0
1744768449,83591.91,83620.71,0.0,0,1744768449981,6,0.0
1744768450,83591.87,83620.67,0.0,0,1744768450137,6,0.0
1744768450,83591.46,83620.26,0.0,0,1744768450375,6,0.0
1744768450,83589.86,83618.66,0.0,0,1744768450490,6,0.0
1744768450,83590.11,83618.91,0.0,0,1744768450596,6,0.0
1744768450,83590.08,83618.88,0.0,0,1744768450760,6,0.0
1744768450,83590.13,83618.93,0.0,0,1744768450885,6,0.0
1744768451,83590.1,83618.9,0.0,0,1744768451035,6,0.0
1744768451,83589.55,83618.35,0.0,0,1744768451188,6,0.0
1744768451,83590.31,83619.11,0.0,0,1744768451329,6,0.0
1744768451,83591.39,83620.19,0.0,0,1744768451494,6,0.0
1744768451,83591.68,83620.48,0.0,0,1744768451651,6,0.0
1744768451,83592.32,83621.12,0.0,0,1744768451864,6,0.0
1744768452,83596.77,83625.57,0.0,0,1744768452085,6,0.0
1744768452,83596.95,83625.75,0.0,0,1744768452202,6,0.0
1744768452,83597.18,83625.98,0.0,0,1744768452360,6,0.0
1744768452,83596.54,83625.34,0.0,0,1744768452461,6,0.0
1744768452,83596.56,83625.36,0.0,0,1744768452566,6,0.0
1744768452,83596.86,83625.66,0.0,0,1744768452675,6,0.0
1744768452,83596.84,83625.64,0.0,0,1744768452811,6,0.0
1744768452,83596.75,83625.55,0.0,0,1744768452966,6,0.0
1744768453,83596.95,83625.75,0.0,0,1744768453146,6,0.0
1744768453,83596.58,83625.38,0.0,0,1744768453280,6,0.0
1744768453,83596.83,83625.63,0.0,0,1744768453396,6,0.0
1744768453,83596.86,83625.66,0.0,0,1744768453550,6,0.0
1744768453,83598.4,83627.2,0.0,0,1744768453658,6,0.0
1744768453,83598.14,83626.94,0.0,0,1744768453846,6,0.0
1744768453,83597.49,83626.29,0.0,0,1744768453969,6,0.0
1744768454,83597.96,83626.76,0.0,0,1744768454171,6,0.0
1744768454,83597.23,83626.03,0.0,0,1744768454341,6,0.0
1744768454,83596.95,83625.75,0.0,0,1744768454654,6,0.0
1744768454,83597.13,83625.93,0.0,0,1744768454797,6,0.0
1744768454,83597.18,83625.98,0.0,0,1744768454944,6,0.0
1744768455,83597.12,83625.92,0.0,0,1744768455056,6,0.0
1744768455,83596.99,83625.79,0.0,0,1744768455195,6,0.0
1744768455,83596.98,83625.78,0.0,0,1744768455314,6,0.0
1744768455,83598.34,83627.14,0.0,0,1744768455484,6,0.0
1744768455,83596.8,83625.6,0.0,0,1744768455588,6,0.0
1744768455,83593.65,83622.45,0.0,0,1744768455769,6,0.0
1744768455,83594.27,83623.07,0.0,0,1744768455880,6,0.0
1744768455,83586.16,83614.96,0.0,0,1744768455930,6,0.0
1744768456,83585.91,83614.71,0.0,0,1744768456039,6,0.0
1744768456,83583.25,83612.05,0.0,0,1744768456157,6,0.0
1744768456,83584.52,83613.32,0.0,0,1744768456278,6,0.0
1744768456,83584.69,83613.49,0.0,0,1744768456381,6,0.0
1744768456,83584.44,83613.24,0.0,0,1744768456605,6,0.0
1744768456,83585.02,83613.82,0.0,0,1744768456776,6,0.0
1744768456,83586.11,83614.91,0.0,0,1744768456936,6,0.0
1744768457,83584.47,83613.27,0.0,0,1744768457075,6,0.0
1744768457,83584.37,83613.17,0.0,0,1744768457232,6,0.0
1744768457,83585.11,83613.91,0.0,0,1744768457364,6,0.0
1744768457,83585.35,83614.15,0.0,0,1744768457495,6,0.0
1744768457,83586.53,83615.33,0.0,0,1744768457783,6,0.0
1744768457,83587.73,83616.53,0.0,0,1744768457905,6,0.0
1744768458,83588.25,83617.05,0.0,0,1744768458135,6,0.0
1744768458,83588.27,83617.07,0.0,0,1744768458310,6,0.0
1744768458,83589.44,83618.24,0.0,0,1744768458419,6,0.0
1744768458,83581.3,83610.1,0.0,0,1744768458527,6,0.0
1744768458,83580.61,83609.41,0.0,0,1744768458630,6,0.0
1744768458,83581.21,83610.01,0.0,0,1744768458853,6,0.0
1744768458,83581.81,83610.61,0.0,0,1744768458963,6,0.0
1744768459,83582.68,83611.48,0.0,0,1744768459146,6,0.0
1744768459,83583.05,83611.85,0.0,0,1744768459251,6,0.0
1744768459,83582.75,83611.55,0.0,0,1744768459373,6,0.0
1744768459,83582.85,83611.65,0.0,0,1744768459533,6,0.0
1744768459,83583.15,83611.95,0.0,0,1744768459669,6,0.0
1744768459,83583.18,83611.98,0.0,0,1744768459785,6,0.0
1744768459,83582.65,83611.45,0.0,0,1744768459944,6,0.0
1744768460,83582.64,83611.44,0.0,0,1744768460055,6,0.0
1744768460,83582.77,83611.57,0.0,0,1744768460176,6,0.0
1744768460,83582.69,83611.49,0.0,0,1744768460337,6,0.0
1744768460,83582.31,83611.11,0.0,0,1744768460454,6,0.0
1744768460,83583.68,83612.48,0.0,0,1744768460612,6,0.0
1744768460,83584.99,83613.79,0.0,0,1744768460722,6,0.0
1744768460,83585.24,83614.04,0.0,0,1744768460857,6,0.0
1744768460,83585.23,83614.03,0.0,0,1744768460976,6,0.0
1744768461,83586.22,83615.02,0.0,0,1744768461099,6,0.0
1744768461,83586.18,83614.98,0.0,0,1744768461253,6,0.0
1744768461,83586.16,83614.96,0.0,0,1744768461456,6,0.0
1744768461,83586.38,83615.18,0.0,0,1744768461576,6,0.0
1744768461,83586.28,83615.08,0.0,0,1744768461697,6,0.0
1744768461,83586.32,83615.12,0.0,0,1744768461840,6,0.0
1744768461,83586.37,83615.17,0.0,0,1744768461942,6,0.0
1744768462,83586.44,83615.24,0.0,0,1744768462084,6,0.0
1744768462,83586.37,83615.17,0.0,0,1744768462218,6,0.0
1744768462,83586.61,83615.41,0.0,0,1744768462366,6,0.0
1744768462,83586.3,83615.1,0.0,0,1744768462473,6,0.0
1744768462,83586.14,83614.94,0.0,0,1744768462587,6,0.0
1744768462,83586.07,83614.87,0.0,0,1744768462741,6,0.0
1744768462,83586.08,83614.88,0.0,0,1744768462896,6,0.0
1744768463,83586.16,83614.96,0.0,0,1744768463054,6,0.0
1744768463,83586.29,83615.09,0.0,0,1744768463364,6,0.0
1744768463,83586.27,83615.07,0.0,0,1744768463467,6,0.0
1744768463,83586.21,83615.01,0.0,0,1744768463578,6,0.0
1744768463,83585.77,83614.57,0.0,0,1744768463686,6,0.0
1744768463,83585.69,83614.49,0.0,0,1744768463819,6,0.0
1744768463,83585.71,83614.51,0.0,0,1744768463936,6,0.0
1744768464,83585.26,83614.06,0.0,0,1744768464116,6,0.0
1744768464,83585.22,83614.02,0.0,0,1744768464278,6,0.0
1744768464,83585.62,83614.42,0.0,0,1744768464380,6,0.0
1744768464,83585.19,83613.99,0.0,0,1744768464506,6,0.0
1744768464,83584.42,83613.22,0.0,0,1744768464699,6,0.0
1744768464,83584.6,83613.4,0.0,0,1744768464903,6,0.0
1744768465,83584.57,83613.37,0.0,0,1744768465028,6,0.0
1744768465,83585.42,83614.22,0.0,0,1744768465144,6,0.0
1744768465,83585.38,83614.18,0.0,0,1744768465249,6,0.0
1744768465,83585.08,83613.88,0.0,0,1744768465398,6,0.0
1744768465,83583.24,83612.04,0.0,0,1744768465525,6,0.0
1744768465,83583.44,83612.24,0.0,0,1744768465787,6,0.0
1744768465,83583.74,83612.54,0.0,0,1744768465916,6,0.0
1744768466,83583.69,83612.49,0.0,0,1744768466019,6,0.0
1744768466,83583.54,83612.34,0.0,0,1744768466174,6,0.0
1744768466,83583.73,83612.53,0.0,0,1744768466274,6,0.0
1744768466,83583.7,83612.5,0.0,0,1744768466407,6,0.0
1744768466,83582.6,83611.4,0.0,0,1744768466544,6,0.0
1744768466,83582.62,83611.42,0.0,0,1744768466693,6,0.0
1744768466,83583.12,83611.92,0.0,0,1744768466855,6,0.0
1744768466,83583.21,83612.01,0.0,0,1744768466966,6,0.0
1744768467,83583.5,83612.3,0.0,0,1744768467254,6,0.0
1744768467,83582.88,83611.68,0.0,0,1744768467416,6,0.0
1744768467,83582.58,83611.38,0.0,0,1744768467531,6,0.0
1744768467,83582.87,83611.67,0.0,0,1744768467795,6,0.0
1744768467,83582.94,83611.74,0.0,0,1744768467926,6,0.0
1744768468,83582.35,83611.15,0.0,0,1744768468186,6,0.0
1744768468,83582.23,83611.03,0.0,0,1744768468304,6,0.0
1744768468,83582.2,83611.0,0.0,0,1744768468453,6,0.0
1744768468,83582.5,83611.3,0.0,0,1744768468628,6,0.0
1744768468,83582.69,83611.49,0.0,0,1744768468751,6,0.0
1744768468,83591.28,83620.08,0.0,0,1744768468875,6,0.0
1744768469,83591.6,83620.4,0.0,0,1744768469139,6,0.0
1744768469,83592.14,83620.94,0.0,0,1744768469289,6,0.0
1744768469,83592.3,83621.1,0.0,0,1744768469403,6,0.0
1744768469,83598.4,83627.21,0.0,0,1744768469453,6,0.0
1744768469,83598.41,83627.21,0.0,0,1744768469576,2,0.0
1744768469,83598.56,83627.36,0.0,0,1744768469723,6,0.0
1744768469,83598.77,83627.57,0.0,0,1744768469868,6,0.0
1744768469,83598.7,83627.5,0.0,0,1744768469986,6,0.0
1744768470,83598.41,83627.21,0.0,0,1744768470270,6,0.0
1744768470,83598.12,83626.92,0.0,0,1744768470432,6,0.0
1744768470,83598.05,83626.85,0.0,0,1744768470538,6,0.0
1744768470,83597.67,83626.47,0.0,0,1744768470880,6,0.0
1744768471,83597.94,83626.74,0.0,0,1744768471287,6,0.0
1744768471,83598.04,83626.85,0.0,0,1744768471398,6,0.0
1744768471,83598.38,83627.18,0.0,0,1744768471562,6,0.0
1744768471,83596.23,83625.03,0.0,0,1744768471688,6,0.0
1744768471,83595.5,83624.3,0.0,0,1744768471812,6,0.0
1744768471,83595.36,83624.16,0.0,0,1744768471998,6,0.0
1744768472,83596.39,83625.19,0.0,0,1744768472149,6,0.0
1744768472,83596.19,83624.99,0.0,0,1744768472252,6,0.0
1744768472,83596.78,83625.58,0.0,0,1744768472373,6,0.0
1744768472,83595.55,83624.35,0.0,0,1744768472508,6,0.0
1744768472,83596.07,83624.87,0.0,0,1744768472648,6,0.0
1744768472,83595.43,83624.23,0.0,0,1744768472748,6,0.0
1744768472,83595.33,83624.13,0.0,0,1744768472881,6,0.0
1744768473,83594.62,83623.42,0.0,0,1744768473099,6,0.0
1744768473,83596.38,83625.18,0.0,0,1744768473251,6,0.0
1744768473,83596.57,83625.37,0.0,0,1744768473403,6,0.0
1744768473,83596.85,83625.65,0.0,0,1744768473570,6,0.0
1744768473,83596.87,83625.67,0.0,0,1744768473814,6,0.0
1744768473,83596.25,83625.05,0.0,0,1744768473972,6,0.0
1744768474,83595.78,83624.58,0.0,0,1744768474094,6,0.0
1744768474,83595.87,83624.67,0.0,0,1744768474204,6,0.0
1744768474,83596.02,83624.82,0.0,0,1744768474318,6,0.0
1744768474,83596.07,83624.87,0.0,0,1744768474511,6,0.0
1744768474,83595.68,83624.48,0.0,0,1744768474676,6,0.0
1744768475,83590.04,83618.84,0.0,0,1744768475143,6,0.0
1744768475,83589.98,83618.78,0.0,0,1744768475274,6,0.0
1744768475,83589.74,83618.54,0.0,0,1744768475378,6,0.0
1744768475,83589.71,83618.51,0.0,0,1744768475495,6,0.0
1744768475,83589.63,83618.43,0.0,0,1744768475638,6,0.0
1744768475,83589.6,83618.4,0.0,0,1744768475820,6,0.0
1744768475,83589.92,83618.72,0.0,0,1744768475951,6,0.0
1744768476,83589.49,83618.29,0.0,0,1744768476068,6,0.0
1744768476,83588.5,83617.3,0.0,0,1744768476210,6,0.0
1744768476,83588.05,83616.85,0.0,0,1744768476328,6,0.0
1744768476,83588.51,83617.31,0.0,0,1744768476437,6,0.0
1744768476,83588.52,83617.32,0.0,0,1744768476547,6,0.0
1744768476,83588.45,83617.25,0.0,0,1744768476772,6,0.0
1744768476,83586.29,83615.09,0.0,0,1744768476938,6,0.0
1744768477,83586.48,83615.28,0.0,0,1744768477117,6,0.0
1744768477,83586.67,83615.47,0.0,0,1744768477230,6,0.0
1744768477,83587.06,83615.86,0.0,0,1744768477381,6,0.0
1744768477,83586.94,83615.74,0.0,0,1744768477532,6,0.0
1744768477,83587.56,83616.36,0.0,0,1744768477691,6,0.0
1744768477,83586.7,83615.5,0.0,0,1744768477836,6,0.0
1744768478,83587.4,83616.2,0.0,0,1744768478079,6,0.0
1744768478,83587.27,83616.07,0.0,0,1744768478189,6,0.0
1744768478,83585.86,83614.66,0.0,0,1744768478322,6,0.0
1744768478,83588.48,83617.28,0.0,0,1744768478434,6,0.0
1744768478,83592.13,83620.93,0.0,0,1744768478485,6,0.0
1744768478,83597.29,83626.1,0.0,0,1744768478535,6,0.0
1744768478,83597.54,83626.34,0.0,0,1744768478654,6,0.0
1744768478,83597.85,83626.65,0.0,0,1744768478768,6,0.0
1744768478,83597.97,83626.77,0.0,0,1744768478874,6,0.0
1744768479,83598.12,83626.92,0.0,0,1744768479187,6,0.0
1744768479,83598.12,83626.93,0.0,0,1744768479316,4,0.0
1744768479,83597.9,83626.7,0.0,0,1744768479452,6,0.0
1744768479,83597.43,83626.23,0.0,0,1744768479604,6,0.0
1744768479,83597.43,83626.24,0.0,0,1744768479943,4,0.0
1744768480,83597.44,83626.24,0.0,0,1744768480073,2,0.0
1744768480,83598.68,83627.48,0.0,0,1744768480185,6,0.0
1744768480,83598.69,83627.49,0.0,0,1744768480317,6,0.0
1744768480,83599.57,83628.37,0.0,0,1744768480539,6,0.0
1744768480,83598.69,83627.49,0.0,0,1744768480691,6,0.0
1744768480,83597.56,83626.36,0.0,0,1744768480841,6,0.0
1744768480,83597.46,83626.26,0.0,0,1744768480988,6,0.0
1744768481,83597.07,83625.87,0.0,0,1744768481158,6,0.0
1744768481,83596.61,83625.41,0.0,0,1744768481266,6,0.0
1744768481,83596.53,83625.33,0.0,0,1744768481399,6,0.0
1744768481,83596.82,83625.62,0.0,0,1744768481626,6,0.0
1744768481,83596.94,83625.74,0.0,0,1744768481747,6,0.0
1744768481,83596.57,83625.37,0.0,0,1744768481886,6,0.0
1744768482,83596.79,83625.59,0.0,0,1744768482185,6,0.0
1744768482,83596.77,83625.57,0.0,0,1744768482342,6,0.0
1744768482,83596.67,83625.47,0.0,0,1744768482442,6,0.0
1744768482,83596.94,83625.74,0.0,0,1744768482544,6,0.0
1744768482,83597.04,83625.84,0.0,0,1744768482662,6,0.0
1744768482,83597.13,83625.93,0.0,0,1744768482800,6,0.0
1744768482,83596.98,83625.78,0.0,0,1744768482929,6,0.0
1744768483,83597.2,83626.0,0.0,0,1744768483087,6,0.0
1744768483,83597.18,83625.98,0.0,0,1744768483292,6,0.0
1744768483,83597.4,83626.2,0.0,0,1744768483445,6,0.0
1744768483,83597.09,83625.89,0.0,0,1744768483551,6,0.0
1744768483,83598.06,83626.86,0.0,0,1744768483653,6,0.0
1744768483,83593.21,83622.01,0.0,0,1744768483786,6,0.0
1744768483,83593.0,83621.8,0.0,0,1744768483920,6,0.0
1744768484,83593.3,83622.1,0.0,0,1744768484055,6,0.0
1744768484,83593.32,83622.12,0.0,0,1744768484170,6,0.0
1744768484,83593.95,83622.75,0.0,0,1744768484375,6,0.0
1744768484,83593.74,83622.54,0.0,0,1744768484513,6,0.0
1744768484,83593.77,83622.57,0.0,0,1744768484676,6,0.0
1744768484,83593.58,83622.38,0.0,0,1744768484813,6,0.0
1744768484,83593.84,83622.64,0.0,0,1744768484956,6,0.0
1744768485,83593.83,83622.63,0.0,0,1744768485068,6,0.0
1744768485,83594.49,83623.29,0.0,0,1744768485207,6,0.0
1744768485,83595.16,83623.96,0.0,0,1744768485313,6,0.0
1744768485,83595.89,83624.69,0.0,0,1744768485486,6,0.0
1744768485,83596.5,83625.3,0.0,0,1744768485778,6,0.0
1744768485,83597.07,83625.87,0.0,0,1744768485938,6,0.0
1744768486,83597.42,83626.22,0.0,0,1744768486185,6,0.0
1744768486,83597.45,83626.25,0.0,0,1744768486305,6,0.0
1744768486,83597.55,83626.35,0.0,0,1744768486451,6,0.0
1744768486,83597.86,83626.66,0.0,0,1744768486559,6,0.0
1744768486,83598.02,83626.82,0.0,0,1744768486690,6,0.0
1744768487,83598.46,83627.26,0.0,0,1744768487007,6,0.0
1744768487,83598.31,83627.11,0.0,0,1744768487135,6,0.0
1744768487,83598.09,83626.89,0.0,0,1744768487290,6,0.0
1744768487,83598.41,83627.21,0.0,0,1744768487437,6,0.0
1744768487,83598.46,83627.26,0.0,0,1744768487572,6,0.0
1744768487,83602.92,83631.72,0.0,0,1744768487702,6,0.0
1744768487,83607.34,83636.14,0.0,0,1744768487806,6,0.0
1744768487,83606.42,83635.22,0.0,0,1744768487911,6,0.0
1744768488,83606.71,83635.51,0.0,0,1744768488050,6,0.0
1744768488,83607.48,83636.28,0.0,0,1744768488194,6,0.0
1744768488,83607.25,83636.05,0.0,0,1744768488466,6,0.0
1744768488,83607.03,83635.83,0.0,0,1744768488592,6,0.0
1744768488,83607.59,83636.4,0.0,0,1744768488971,6,0.0
1744768489,83606.44,83635.24,0.0,0,1744768489159,6,0.0
1744768489,83607.32,83636.12,0.0,0,1744768489272,6,0.0
1744768489,83607.1,83635.91,0.0,0,1744768489510,6,0.0
1744768489,83608.34,83637.15,0.0,0,1744768489692,6,0.0
1744768489,83608.22,83637.02,0.0,0,1744768489819,6,0.0
1744768489,83606.98,83635.78,0.0,0,1744768489991,6,0.0
1744768490,83606.9,83635.7,0.0,0,1744768490186,6,0.0
1744768490,83606.76,83635.56,0.0,0,1744768490378,6,0.0
1744768490,83606.78,83635.58,0.0,0,1744768490530,6,0.0
1744768490,83607.74,83636.54,0.0,0,1744768490676,6,0.0
1744768490,83608.04,83636.84,0.0,0,1744768490781,6,0.0
1744768490,83608.74,83637.54,0.0,0,1744768490937,6,0.0
1744768491,83608.24,83637.04,0.0,0,1744768491070,6,0.0
1744768491,83608.27,83637.07,0.0,0,1744768491282,6,0.0
1744768491,83609.0,83637.8,0.0,0,1744768491409,6,0.0
1744768491,83609.03,83637.83,0.0,0,1744768491573,6,0.0
1744768491,83609.09,83637.89,0.0,0,1744768491788,6,0.0
1744768492,83608.95,83637.75,0.0,0,1744768492054,6,0.0
1744768492,83608.94,83637.74,0.0,0,1744768492161,6,0.0
1744768492,83596.45,83625.25,0.0,0,1744768492211,6,0.0
1744768492,83600.2,83629.0,0.0,0,1744768492312,6,0.0
1744768492,83601.17,83629.97,0.0,0,1744768492439,6,0.0
1744768492,83600.36,83629.16,0.0,0,1744768492542,6,0.0
1744768492,83600.25,83629.05,0.0,0,1744768492678,6,0.0
1744768493,83600.37,83629.17,0.0,0,1744768493109,6,0.0
1744768493,83600.11,83628.91,0.0,0,1744768493244,6,0.0
1744768493,83600.07,83628.87,0.0,0,1744768493362,6,0.0
1744768493,83600.74,83629.54,0.0,0,1744768493506,6,0.0
1744768493,83600.47,83629.27,0.0,0,1744768493692,6,0.0
1744768494,83598.33,83627.13,0.0,0,1744768494007,6,0.0
1744768494,83599.13,83627.93,0.0,0,1744768494149,6,0.0
1744768494,83600.25,83629.05,0.0,0,1744768494306,6,0.0
1744768494,83600.87,83629.67,0.0,0,1744768494427,6,0.0
1744768494,83601.58,83630.38,0.0,0,1744768494628,6,0.0
1744768494,83601.86,83630.66,0.0,0,1744768494790,6,0.0
1744768494,83601.49,83630.29,0.0,0,1744768494928,6,0.0
1744768495,83601.79,83630.59,0.0,0,1744768495145,6,0.0
1744768495,83601.38,83630.18,0.0,0,1744768495258,6,0.0
1744768495,83595.96,83624.76,0.0,0,1744768495366,6,0.0
1744768495,83590.56,83619.36,0.0,0,1744768495586,6,0.0
1744768495,83590.26,83619.06,0.0,0,1744768495692,6,0.0
1744768495,83590.01,83618.81,0.0,0,1744768495822,6,0.0
1744768495,83589.67,83618.47,0.0,0,1744768495942,6,0.0
1744768496,83589.11,83617.91,0.0,0,1744768496311,6,0.0
1744768496,83589.37,83618.17,0.0,0,1744768496464,6,0.0
1744768496,83589.11,83617.91,0.0,0,1744768496582,6,0.0
1744768497,83588.87,83617.67,0.0,0,1744768497014,6,0.0
1744768497,83588.99,83617.79,0.0,0,1744768497123,6,0.0
1744768497,83590.13,83618.93,0.0,0,1744768497354,6,0.0
1744768497,83589.91,83618.71,0.0,0,1744768497465,6,0.0
1744768497,83590.12,83618.92,0.0,0,1744768497573,6,0.0
1744768497,83591.52,83620.32,0.0,0,1744768497726,6,0.0
1744768497,83591.65,83620.45,0.0,0,1744768497836,6,0.0
1744768497,83591.62,83620.42,0.0,0,1744768497967,6,0.0
1744768498,83592.3,83621.1,0.0,0,1744768498161,6,0.0
1744768498,83592.87,83621.67,0.0,0,1744768498303,6,0.0
1744768498,83592.63,83621.43,0.0,0,1744768498427,6,0.0
1744768498,83593.22,83622.02,0.0,0,1744768498609,6,0.0
1744768498,83593.17,83621.97,0.0,0,1744768498759,6,0.0
1744768498,83593.61,83622.41,0.0,0,1744768498868,6,0.0
1744768499,83593.64,83622.44,0.0,0,1744768499011,6,0.0
1744768499,83595.79,83624.59,0.0,0,1744768499186,6,0.0
1744768499,83595.64,83624.44,0.0,0,1744768499341,6,0.0
1744768499,83595.22,83624.02,0.0,0,1744768499495,6,0.0
1744768499,83595.95,83624.75,0.0,0,1744768499597,6,0.0
1744768499,83596.2,83625.0,0.0,0,1744768499844,6,0.0
1744768499,83595.86,83624.66,0.0,0,1744768499947,6,0.0
1744768500,83596.37,83625.17,0.0,0,1744768500220,6,0.0
1744768500,83596.08,83624.88,0.0,0,1744768500350,6,0.0
1744768500,83596.08,83624.89,0.0,0,1744768500493,4,0.0
1744768500,83595.13,83623.93,0.0,0,1744768500646,6,0.0
1744768500,83595.01,83623.81,0.0,0,1744768500754,6,0.0
1744768500,83594.15,83622.95,0.0,0,1744768500869,6,0.0
1744768500,83592.11,83620.91,0.0,0,1744768500999,6,0.0
1744768501,83591.44,83620.24,0.0,0,1744768501124,6,0.0
1744768501,83591.47,83620.27,0.0,0,1744768501262,6,0.0
1744768501,83591.11,83619.91,0.0,0,1744768501424,6,0.0
1744768501,83590.84,83619.64,0.0,0,1744768501535,6,0.0
1744768501,83590.65,83619.45,0.0,0,1744768501640,6,0.0
1744768501,83590.9,83619.7,0.0,0,1744768501931,6,0.0
1744768502,83591.13,83619.93,0.0,0,1744768502265,6,0.0
1744768502,83590.73,83619.53,0.0,0,1744768502471,6,0.0
1744768502,83591.63,83620.43,0.0,0,1744768502605,6,0.0
1744768502,83592.37,83621.17,0.0,0,1744768502723,6,0.0
1744768502,83593.23,83622.03,0.0,0,1744768502841,6,0.0
1744768502,83587.25,83616.05,0.0,0,1744768502956,6,0.0
1744768503,83586.8,83615.6,0.0,0,1744768503092,6,0.0
1744768503,83586.28,83615.08,0.0,0,1744768503216,6,0.0
1744768503,83586.53,83615.33,0.0,0,1744768503331,6,0.0
1744768503,83586.44,83615.24,0.0,0,1744768503671,6,0.0
1744768503,83586.22,83615.02,0.0,0,1744768503879,6,0.0
1744768504,83585.18,83613.98,0.0,0,1744768504027,6,0.0
1744768504,83584.92,83613.72,0.0,0,1744768504174,6,0.0
1744768504,83585.16,83613.96,0.0,0,1744768504293,6,0.0
1744768504,83583.35,83612.15,0.0,0,1744768504402,6,0.0
1744768504,83581.05,83609.85,0.0,0,1744768504454,6,0.0
1744768504,83578.3,83607.1,0.0,0,1744768504505,6,0.0
1744768504,83574.0,83602.8,0.0,0,1744768504607,6,0.0
1744768504,83573.81,83602.61,0.0,0,1744768504721,6,0.0
1744768504,83573.59,83602.39,0.0,0,1744768504836,6,0.0
1744768504,83573.71,83602.51,0.0,0,1744768504953,6,0.0
1744768505,83573.1,83601.9,0.0,0,1744768505130,6,0.0
1744768505,83573.12,83601.92,0.0,0,1744768505270,6,0.0
1744768505,83573.4,83602.2,0.0,0,1744768505394,6,0.0
1744768505,83574.42,83603.22,0.0,0,1744768505496,6,0.0
1744768505,83574.52,83603.32,0.0,0,1744768505696,6,0.0
1744768505,83573.39,83602.19,0.0,0,1744768505869,6,0.0
1744768506,83572.22,83601.02,0.0,0,1744768506036,6,0.0
1744768506,83573.2,83602.0,0.0,0,1744768506186,6,0.0
1744768506,83573.06,83601.86,0.0,0,1744768506390,6,0.0
1744768506,83575.0,83603.8,0.0,0,1744768506568,6,0.0
1744768506,83575.13,83603.93,0.0,0,1744768506702,6,0.0
1744768506,83576.28,83605.08,0.0,0,1744768506861,6,0.0
1744768506,83576.86,83605.66,0.0,0,1744768506990,6,0.0
1744768507,83577.41,83606.21,0.0,0,1744768507138,6,0.0
1744768507,83577.51,83606.31,0.0,0,1744768507253,6,0.0
1744768507,83576.9,83605.7,0.0,0,1744768507431,6,0.0
1744768507,83577.12,83605.92,0.0,0,1744768507557,6,0.0
1744768507,83578.05,83606.85,0.0,0,1744768507692,6,0.0
1744768507,83576.46,83605.26,0.0,0,1744768507864,6,0.0
1744768508,83575.35,83604.15,0.0,0,1744768508004,6,0.0
1744768508,83575.34,83604.14,0.0,0,1744768508126,6,0.0
1744768508,83575.04,83603.84,0.0,0,1744768508245,6,0.0
1744768508,83574.82,83603.62,0.0,0,1744768508374,6,0.0
1744768508,83574.18,83602.98,0.0,0,1744768508493,6,0.0
1744768508,83573.92,83602.72,0.0,0,1744768508620,6,0.0
1744768508,83574.66,83603.46,0.0,0,1744768508755,6,0.0
1744768508,83574.84,83603.64,0.0,0,1744768508928,6,0.0
1744768509,83574.81,83603.61,0.0,0,1744768509048,6,0.0
1744768509,83581.78,83610.58,0.0,0,1744768509193,6,0.0
1744768509,83581.72,83610.52,0.0,0,1744768509325,6,0.0
1744768509,83582.08,83610.88,0.0,0,1744768509487,6,0.0
1744768509,83581.84,83610.64,0.0,0,1744768509589,6,0.0
1744768509,83581.85,83610.65,0.0,0,1744768509726,6,0.0
1744768509,83581.3,83610.1,0.0,0,1744768509866,6,0.0
1744768509,83581.06,83609.86,0.0,0,1744768509987,6,0.0
1744768510,83577.54,83606.34,0.0,0,1744768510091,6,0.0
1744768510,83577.66,83606.46,0.0,0,1744768510285,6,0.0
1744768510,83577.67,83606.47,0.0,0,1744768510453,6,0.0
1744768510,83577.96,83606.77,0.0,0,1744768510559,6,0.0
1744768510,83577.98,83606.78,0.0,0,1744768510664,6,0.0
1744768510,83578.38,83607.18,0.0,0,1744768510770,6,0.0
1744768510,83577.95,83606.75,0.0,0,1744768510889,6,0.0
1744768511,83577.7,83606.5,0.0,0,1744768511082,6,0.0
1744768511,83577.34,83606.14,0.0,0,1744768511197,6,0.0
1744768511,83577.06,83605.86,0.0,0,1744768511323,6,0.0
1744768511,83576.74,83605.54,0.0,0,1744768511459,6,0.0
1744768511,83576.38,83605.18,0.0,0,1744768511593,6,0.0
1744768511,83574.09,83602.89,0.0,0,1744768511747,6,0.0
1744768511,83574.0,83602.8,0.0,0,1744768511889,6,0.0
1744768512,83574.02,83602.82,0.0,0,1744768512022,6,0.0
1744768512,83573.95,83602.75,0.0,0,1744768512224,6,0.0
1744768512,83573.82,83602.62,0.0,0,1744768512372,6,0.0
1744768512,83573.78,83602.58,0.0,0,1744768512536,6,0.0
1744768512,83569.46,83598.26,0.0,0,1744768512795,6,0.0
1744768512,83572.27,83601.07,0.0,0,1744768512913,6,0.0
1744768512,83569.24,83598.04,0.0,0,1744768512964,6,0.0
1744768513,83569.25,83598.05,0.0,0,1744768513098,6,0.0
1744768513,83568.56,83597.36,0.0,0,1744768513230,6,0.0
1744768513,83568.3,83597.1,0.0,0,1744768513374,6,0.0
1744768513,83569.1,83597.9,0.0,0,1744768513550,6,0.0
1744768513,83569.47,83598.27,0.0,0,1744768513683,6,0.0
1744768513,83569.15,83597.95,0.0,0,1744768513799,6,0.0
1744768513,83568.05,83596.85,0.0,0,1744768513948,6,0.0
1744768514,83567.76,83596.56,0.0,0,1744768514060,6,0.0
1744768514,83567.69,83596.49,0.0,0,1744768514160,6,0.0
1744768514,83567.55,83596.35,0.0,0,1744768514296,6,0.0
1744768514,83568.72,83597.52,0.0,0,1744768514419,6,0.0
1744768514,83567.64,83596.44,0.0,0,1744768514534,6,0.0
1744768514,83578.09,83606.89,0.0,0,1744768514586,6,0.0
1744768514,83579.53,83608.33,0.0,0,1744768514757,6,0.0
1744768514,83578.82,83607.62,0.0,0,1744768514863,6,0.0
1744768515,83578.61,83607.41,0.0,0,1744768515003,6,0.0
1744768515,83579.83,83608.63,0.0,0,1744768515118,6,0.0
1744768515,83579.88,83608.68,0.0,0,1744768515250,6,0.0
1744768515,83580.74,83609.54,0.0,0,1744768515488,6,0.0
1744768515,83581.85,83610.66,0.0,0,1744768515611,6,0.0
1744768515,83582.65,83611.45,0.0,0,1744768515755,6,0.0
1744768515,83582.56,83611.36,0.0,0,1744768515973,6,0.0
1744768516,83583.78,83612.58,0.0,0,1744768516144,6,0.0
1744768516,83583.79,83612.59,0.0,0,1744768516267,6,0.0
1744768516,83583.35,83612.15,0.0,0,1744768516433,6,0.0
1744768516,83583.6,83612.4,0.0,0,1744768516570,6,0.0
1744768517,83583.38,83612.18,0.0,0,1744768517027,6,0.0
1744768517,83582.59,83611.4,0.0,0,1744768517150,6,0.0
1744768517,83581.91,83610.71,0.0,0,1744768517257,6,0.0
1744768517,83581.49,83610.29,0.0,0,1744768517368,6,0.0
1744768517,83582.2,83611.0,0.0,0,1744768517473,6,0.0
1744768517,83582.08,83610.88,0.0,0,1744768517597,6,0.0
1744768517,83581.78,83610.58,0.0,0,1744768517720,6,0.0
1744768517,83582.22,83611.02,0.0,0,1744768517833,6,0.0
1744768518,83583.02,83611.82,0.0,0,1744768518102,6,0.0
1744768518,83583.07,83611.87,0.0,0,1744768518233,6,0.0
1744768518,83584.04,83612.84,0.0,0,1744768518374,6,0.0
1744768518,83583.6,83612.4,0.0,0,1744768518481,6,0.0
1744768518,83582.89,83611.69,0.0,0,1744768518605,6,0.0
1744768518,83582.66,83611.46,0.0,0,1744768518722,6,0.0
1744768518,83576.08,83604.88,0.0,0,1744768518796,6,0.0
1744768518,83573.38,83602.18,0.0,0,1744768518847,6,0.0
1744768518,83572.39,83601.19,0.0,0,1744768518960,6,0.0
1744768519,83572.55,83601.35,0.0,0,1744768519104,6,0.0
1744768519,83570.79,83599.59,0.0,0,1744768519259,6,0.0
1744768519,83567.62,83596.42,0.0,0,1744768519312,6,0.0
1744768519,83568.29,83597.09,0.0,0,1744768519429,6,0.0
1744768519,83567.92,83596.72,0.0,0,1744768519548,6,0.0
1744768519,83562.31,83591.11,0.0,0,1744768519652,6,0.0
1744768519,83561.67,83590.47,0.0,0,1744768519793,6,0.0
1744768519,83561.68,83590.48,0.0,0,1744768519960,6,0.0
1744768520,83561.69,83590.49,0.0,0,1744768520124,6,0.0
1744768520,83561.86,83590.66,0.0,0,1744768520265,6,0.0
1744768520,83561.49,83590.29,0.0,0,1744768520381,6,0.0
1744768520,83561.22,83590.02,0.0,0,1744768520497,6,0.0
1744768520,83559.55,83588.35,0.0,0,1744768520633,6,0.0
1744768520,83557.97,83586.77,0.0,0,1744768520758,6,0.0
1744768520,83557.35,83586.15,0.0,0,1744768520913,6,0.0
1744768521,83557.32,83586.12,0.0,0,1744768521056,6,0.0
1744768521,83556.76,83585.56,0.0,0,1744768521172,6,0.0
1744768521,83554.82,83583.62,0.0,0,1744768521299,6,0.0
1744768521,83554.28,83583.08,0.0,0,1744768521424,6,0.0
1744768521,83553.78,83582.58,0.0,0,1744768521532,6,0.0
1744768521,83552.68,83581.48,0.0,0,1744768521633,6,0.0
1744768521,83550.78,83579.58,0.0,0,1744768521684,6,0.0
1744768521,83546.94,83575.74,0.0,0,1744768521790,6,0.0
1744768521,83545.7,83574.5,0.0,0,1744768521902,6,0.0
1744768522,83545.1,83573.9,0.0,0,1744768522012,6,0.0
1744768522,83545.41,83574.21,0.0,0,1744768522138,6,0.0
1744768522,83537.12,83565.92,0.0,0,1744768522247,6,0.0
1744768522,83536.25,83565.05,0.0,0,1744768522348,6,0.0
1744768522,83545.65,83574.45,0.0,0,1744768522404,6,0.0
1744768522,83546.85,83575.65,0.0,0,1744768522508,6,0.0
1744768522,83546.85,83575.66,0.0,0,1744768522744,4,0.0
1744768522,83546.86,83575.66,0.0,0,1744768522867,2,0.0
1744768523,83547.33,83576.13,0.0,0,1744768523007,6,0.0
1744768523,83547.52,83576.32,0.0,0,1744768523173,6,0.0
1744768523,83548.24,83577.04,0.0,0,1744768523308,6,0.0
1744768523,83549.35,83578.15,0.0,0,1744768523423,6,0.0
1744768523,83550.18,83578.98,0.0,0,1744768523589,6,0.0
1744768523,83547.7,83576.5,0.0,0,1744768523731,6,0.0
1744768523,83546.93,83575.73,0.0,0,1744768523884,6,0.0
1744768524,83547.07,83575.87,0.0,0,1744768524029,6,0.0
1744768524,83547.31,83576.11,0.0,0,1744768524186,6,0.0
1744768524,83546.87,83575.68,0.0,0,1744768524353,6,0.0
1744768524,83546.24,83575.04,0.0,0,1744768524482,6,0.0
1744768524,83545.96,83574.77,0.0,0,1744768524652,6,0.0
1744768524,83546.35,83575.15,0.0,0,1744768524908,6,0.0
1744768525,83545.87,83574.67,0.0,0,1744768525021,6,0.0
1744768525,83547.14,83575.94,0.0,0,1744768525125,6,0.0
1744768525,83555.18,83583.98,0.0,0,1744768525179,6,0.0
1744768525,83556.28,83585.08,0.0,0,1744768525279,6,0.0
1744768525,83561.28,83590.08,0.0,0,1744768525330,6,0.0
1744768525,83566.88,83595.68,0.0,0,1744768525435,6,0.0
1744768525,83567.23,83596.03,0.0,0,1744768525870,6,0.0
1744768525,83570.98,83599.78,0.0,0,1744768525974,6,0.0
1744768526,83574.49,83603.29,0.0,0,1744768526077,6,0.0
1744768526,83575.75,83604.55,0.0,0,1744768526315,6,0.0
1744768526,83575.37,83604.17,0.0,0,1744768526433,6,0.0
1744768526,83576.16,83604.96,0.0,0,1744768526570,6,0.0
1744768526,83577.71,83606.51,0.0,0,1744768526674,6,0.0
1744768526,83577.7,83606.5,0.0,0,1744768526843,6,0.0
1744768526,83578.03,83606.83,0.0,0,1744768526966,6,0.0
1744768527,83577.89,83606.69,0.0,0,1744768527085,6,0.0
1744768527,83566.01,83594.81,0.0,0,1744768527247,6,0.0
1744768527,83562.8,83591.6,0.0,0,1744768527350,6,0.0
1744768527,83565.12,83593.92,0.0,0,1744768527724,6,0.0
1744768527,83565.09,83593.89,0.0,0,1744768527926,6,0.0
1744768528,83565.14,83593.94,0.0,0,1744768528186,6,0.0
1744768528,83565.6,83594.4,0.0,0,1744768528344,6,0.0
1744768528,83565.15,83593.95,0.0,0,1744768528668,6,0.0
1744768528,83565.11,83593.91,0.0,0,1744768528814,6,0.0
1744768528,83565.46,83594.26,0.0,0,1744768528935,6,0.0
1744768529,83564.11,83592.91,0.0,0,1744768529046,6,0.0
1744768529,83562.91,83591.71,0.0,0,1744768529160,6,0.0
1744768529,83562.75,83591.55,0.0,0,1744768529309,6,0.0
1744768529,83562.07,83590.87,0.0,0,1744768529419,6,0.0
1744768529,83562.65,83591.45,0.0,0,1744768529527,6,0.0
1744768529,83563.36,83592.16,0.0,0,1744768529629,6,0.0
1744768529,83563.68,83592.48,0.0,0,1744768529741,6,0.0
1744768529,83563.73,83592.53,0.0,0,1744768529857,6,0.0
1744768530,83564.89,83593.69,0.0,0,1744768530074,6,0.0
1744768530,83564.92,83593.72,0.0,0,1744768530205,6,0.0
1744768530,83564.73,83593.53,0.0,0,1744768530312,6,0.0
1744768530,83562.32,83591.12,0.0,0,1744768530447,6,0.0
1744768530,83562.91,83591.71,0.0,0,1744768530611,6,0.0
1744768530,83562.94,83591.74,0.0,0,1744768530860,6,0.0
1744768530,83562.3,83591.1,0.0,0,1744768530979,6,0.0
1744768531,83561.51,83590.31,0.0,0,1744768531093,6,0.0
1744768531,83561.4,83590.2,0.0,0,1744768531198,6,0.0
1744768531,83561.86,83590.66,0.0,0,1744768531302,6,0.0
1744768531,83562.82,83591.62,0.0,0,1744768531688,6,0.0
1744768531,83562.62,83591.42,0.0,0,1744768531798,6,0.0
1744768531,83562.07,83590.87,0.0,0,1744768531969,6,0.0
1744768532,83562.41,83591.21,0.0,0,1744768532072,6,0.0
1744768532,83563.35,83592.15,0.0,0,1744768532269,6,0.0
1744768532,83563.1,83591.9,0.0,0,1744768532369,6,0.0
1744768532,83563.15,83591.95,0.0,0,1744768532517,6,0.0
1744768532,83565.56,83594.36,0.0,0,1744768532833,6,0.0
1744768533,83565.41,83594.21,0.0,0,1744768533185,6,0.0
1744768533,83565.38,83594.18,0.0,0,1744768533333,6,0.0
1744768533,83565.83,83594.63,0.0,0,1744768533699,6,0.0
1744768533,83559.95,83588.75,0.0,0,1744768533852,6,0.0
1744768533,83556.47,83585.27,0.0,0,1744768533903,6,0.0
1744768534,83557.09,83585.89,0.0,0,1744768534027,6,0.0
1744768534,83557.34,83586.14,0.0,0,1744768534154,6,0.0
1744768534,83557.38,83586.18,0.0,0,1744768534294,6,0.0
1744768534,83557.82,83586.62,0.0,0,1744768534454,6,0.0
1744768534,83558.17,83586.97,0.0,0,1744768534570,6,0.0
1744768534,83559.96,83588.76,0.0,0,1744768534758,6,0.0
1744768534,83559.97,83588.77,0.0,0,1744768534942,6,0.0
1744768535,83560.2,83589.0,0.0,0,1744768535102,6,0.0
1744768535,83560.73,83589.53,0.0,0,1744768535248,6,0.0
1744768535,83561.52,83590.32,0.0,0,1744768535362,6,0.0
1744768535,83561.53,83590.33,0.0,0,1744768535506,6,0.0
1744768535,83562.12,83590.92,0.0,0,1744768535653,6,0.0
1744768535,83563.77,83592.57,0.0,0,1744768535794,6,0.0
1744768536,83567.72,83596.52,0.0,0,1744768536185,6,0.0
1744768536,83564.82,83593.62,0.0,0,1744768536389,6,0.0
1744768536,83564.12,83592.92,0.0,0,1744768536505,6,0.0
1744768536,83563.91,83592.71,0.0,0,1744768536620,6,0.0
1744768536,83563.87,83592.67,0.0,0,1744768536762,6,0.0
1744768536,83564.89,83593.69,0.0,0,1744768536961,6,0.0
1744768537,83564.39,83593.19,0.0,0,1744768537093,6,0.0
1744768537,83564.52,83593.32,0.0,0,1744768537208,6,0.0
1744768537,83564.8,83593.6,0.0,0,1744768537392,6,0.0
1744768537,83565.32,83594.12,0.0,0,1744768537495,6,0.0
1744768537,83565.36,83594.16,0.0,0,1744768537605,6,0.0
1744768537,83569.46,83598.26,0.0,0,1744768537776,6,0.0
1744768537,83568.99,83597.79,0.0,0,1744768537971,6,0.0
1744768538,83569.0,83597.8,0.0,0,1744768538100,6,0.0
1744768538,83569.74,83598.54,0.0,0,1744768538487,6,0.0
1744768538,83569.22,83598.02,0.0,0,1744768538608,6,0.0
1744768538,83568.64,83597.44,0.0,0,1744768538800,6,0.0
1744768539,83568.02,83596.82,0.0,0,1744768539186,6,0.0
1744768539,83567.95,83596.75,0.0,0,1744768539357,6,0.0
1744768540,83567.94,83596.74,0.0,0,1744768540076,6,0.0
1744768540,83568.16,83596.97,0.0,0,1744768540186,6,0.0
1744768540,83568.17,83596.97,0.0,0,1744768540305,2,0.0
1744768540,83568.08,83596.88,0.0,0,1744768540428,6,0.0
1744768540,83568.54,83597.34,0.0,0,1744768540607,6,0.0
1744768540,83568.28,83597.08,0.0,0,1744768540742,6,0.0
1744768541,83568.82,83597.62,0.0,0,1744768541179,6,0.0
1744768541,83568.55,83597.35,0.0,0,1744768541341,6,0.0
1744768541,83569.25,83598.05,0.0,0,1744768541449,6,0.0
1744768541,83560.39,83589.19,0.0,0,1744768541508,6,0.0
1744768541,83550.55,83579.35,0.0,0,1744768541561,6,0.0
1744768541,83551.15,83579.95,0.0,0,1744768541800,6,0.0
1744768541,83550.73,83579.53,0.0,0,1744768541921,6,0.0
1744768542,83551.59,83580.39,0.0,0,1744768542185,6,0.0
1744768542,83552.9,83581.7,0.0,0,1744768542505,6,0.0
1744768542,83552.87,83581.67,0.0,0,1744768542641,6,0.0
1744768542,83553.02,83581.82,0.0,0,1744768542774,6,0.0
1744768542,83552.96,83581.76,0.0,0,1744768542949,6,0.0
1744768543,83552.97,83581.77,0.0,0,1744768543107,6,0.0
1744768543,83551.85,83580.65,0.0,0,1744768543224,6,0.0
1744768543,83551.14,83579.94,0.0,0,1744768543391,6,0.0
1744768543,83552.65,83581.45,0.0,0,1744768543497,6,0.0
1744768543,83553.54,83582.34,0.0,0,1744768543650,6,0.0
1744768543,83554.39,83583.19,0.0,0,1744768543769,6,0.0
1744768543,83554.76,83583.56,0.0,0,1744768543884,6,0.0
1744768544,83555.05,83583.85,0.0,0,1744768544029,6,0.0
1744768544,83555.09,83583.89,0.0,0,1744768544186,6,0.0
1744768544,83555.61,83584.41,0.0,0,1744768544362,6,0.0
1744768544,83554.22,83583.02,0.0,0,1744768544482,6,0.0
1744768544,83554.6,83583.4,0.0,0,1744768544603,6,0.0
1744768544,83555.82,83584.62,0.0,0,1744768544783,6,0.0
1744768544,83555.77,83584.57,0.0,0,1744768544909,6,0.0
1744768545,83549.74,83578.54,0.0,0,1744768545026,6,0.0
1744768545,83549.75,83578.55,0.0,0,1744768545440,6,0.0
1744768545,83549.46,83578.26,0.0,0,1744768545590,6,0.0
1744768545,83549.43,83578.23,0.0,0,1744768545790,6,0.0
1744768546,83549.76,83578.56,0.0,0,1744768546016,6,0.0
1744768546,83549.77,83578.57,0.0,0,1744768546378,6,0.0
1744768546,83550.55,83579.35,0.0,0,1744768546510,6,0.0
1744768546,83551.49,83580.29,0.0,0,1744768546657,6,0.0
1744768546,83551.74,83580.54,0.0,0,1744768546858,6,0.0
1744768546,83551.76,83580.56,0.0,0,1744768546970,6,0.0
1744768547,83551.59,83580.39,0.0,0,1744768547085,6,0.0
1744768547,83550.68,83579.48,0.0,0,1744768547187,6,0.0
1744768547,83548.46,83577.26,0.0,0,1744768547429,6,0.0
1744768547,83547.9,83576.71,0.0,0,1744768547545,6,0.0
1744768547,83547.88,83576.69,0.0,0,1744768547659,6,0.0
1744768547,83545.97,83574.77,0.0,0,1744768547773,6,0.0
1744768547,83546.02,83574.82,0.0,0,1744768547894,6,0.0
1744768548,83545.56,83574.36,0.0,0,1744768548008,6,0.0
1744768548,83545.29,83574.09,0.0,0,1744768548129,6,0.0
1744768548,83544.19,83572.99,0.0,0,1744768548260,6,0.0
1744768548,83544.55,83573.35,0.0,0,1744768548448,6,0.0
1744768548,83545.14,83573.94,0.0,0,1744768548569,6,0.0
1744768548,83545.01,83573.81,0.0,0,1744768548678,6,0.0
1744768548,83544.54,83573.34,0.0,0,1744768548912,6,0.0
1744768549,83544.75,83573.55,0.0,0,1744768549044,6,0.0
1744768549,83544.56,83573.36,0.0,0,1744768549178,6,0.0
1744768549,83543.74,83572.54,0.0,0,1744768549297,6,0.0
1744768549,83542.24,83571.04,0.0,0,1744768549463,6,0.0
1744768549,83541.95,83570.75,0.0,0,1744768549595,6,0.0
1744768549,83540.22,83569.02,0.0,0,1744768549742,6,0.0
1744768549,83540.67,83569.47,0.0,0,1744768549919,6,0.0
1744768550,83540.55,83569.35,0.0,0,1744768550032,6,0.0
1744768550,83540.51,83569.31,0.0,0,1744768550168,6,0.0
1744768550,83540.61,83569.41,0.0,0,1744768550301,6,0.0
1744768550,83540.55,83569.35,0.0,0,1744768550414,6,0.0
1744768550,83540.43,83569.24,0.0,0,1744768550527,6,0.0
1744768550,83540.35,83569.15,0.0,0,1744768550647,6,0.0
1744768550,83540.37,83569.17,0.0,0,1744768550762,6,0.0
1744768550,83540.45,83569.25,0.0,0,1744768550890,6,0.0
1744768551,83540.42,83569.22,0.0,0,1744768551007,6,0.0
1744768551,83540.56,83569.36,0.0,0,1744768551199,6,0.0
1744768551,83540.49,83569.29,0.0,0,1744768551349,6,0.0
1744768551,83540.2,83569.0,0.0,0,1744768551481,6,0.0
1744768551,83540.13,83568.93,0.0,0,1744768551588,6,0.0
1744768551,83540.41,83569.21,0.0,0,1744768551770,6,0.0
1744768551,83540.42,83569.22,0.0,0,1744768551919,6,0.0
1744768552,83540.43,83569.23,0.0,0,1744768552080,6,0.0
1744768552,83540.52,83569.32,0.0,0,1744768552276,6,0.0
1744768552,83540.24,83569.04,0.0,0,1744768552421,6,0.0
1744768552,83540.13,83568.93,0.0,0,1744768552546,6,0.0
1744768552,83540.19,83568.99,0.0,0,1744768552776,6,0.0
1744768552,83540.36,83569.16,0.0,0,1744768552900,6,0.0
1744768553,83541.0,83569.8,0.0,0,1744768553105,6,0.0
1744768553,83541.02,83569.82,0.0,0,1744768553246,6,0.0
1744768553,83540.83,83569.63,0.0,0,1744768553355,6,0.0
1744768553,83540.97,83569.77,0.0,0,1744768553495,6,0.0
1744768553,83541.33,83570.13,0.0,0,1744768553641,6,0.0
1744768553,83540.97,83569.77,0.0,0,1744768553756,6,0.0
1744768554,83541.75,83570.55,0.0,0,1744768554050,6,0.0
1744768554,83541.59,83570.39,0.0,0,1744768554168,6,0.0
1744768554,83541.49,83570.29,0.0,0,1744768554279,6,0.0
1744768554,83541.7,83570.5,0.0,0,1744768554499,6,0.0
1744768554,83541.44,83570.24,0.0,0,1744768554652,6,0.0
1744768554,83541.2,83570.0,0.0,0,1744768554780,6,0.0
1744768554,83541.22,83570.02,0.0,0,1744768554954,6,0.0
1744768555,83540.96,83569.76,0.0,0,1744768555063,6,0.0
1744768555,83540.9,83569.7,0.0,0,1744768555184,6,0.0
1744768555,83540.98,83569.78,0.0,0,1744768555348,6,0.0
1744768555,83541.43,83570.23,0.0,0,1744768555484,6,0.0
1744768555,83540.99,83569.8,0.0,0,1744768555684,6,0.0
1744768555,83540.84,83569.64,0.0,0,1744768555825,6,0.0
1744768555,83543.05,83571.85,0.0,0,1744768555951,6,0.0
1744768556,83543.23,83572.03,0.0,0,1744768556068,6,0.0
1744768556,83543.27,83572.07,0.0,0,1744768556217,6,0.0
1744768556,83541.55,83570.35,0.0,0,1744768556457,6,0.0
1744768556,83541.59,83570.4,0.0,0,1744768556574,6,0.0
1744768556,83541.55,83570.35,0.0,0,1744768556695,6,0.0
1744768556,83541.57,83570.37,0.0,0,1744768556831,6,0.0
1744768556,83542.51,83571.31,0.0,0,1744768556983,6,0.0
1744768557,83543.52,83572.32,0.0,0,1744768557090,6,0.0
1744768557,83542.95,83571.75,0.0,0,1744768557207,6,0.0
1744768557,83542.07,83570.87,0.0,0,1744768557337,6,0.0
1744768557,83542.24,83571.04,0.0,0,1744768557458,6,0.0
1744768557,83542.98,83571.78,0.0,0,1744768557560,6,0.0
1744768557,83545.72,83574.52,0.0,0,1744768557691,6,0.0
1744768557,83545.7,83574.5,0.0,0,1744768557826,6,0.0
1744768557,83545.98,83574.78,0.0,0,1744768557938,6,0.0
1744768558,83550.07,83578.87,0.0,0,1744768558269,6,0.0
1744768558,83549.77,83578.58,0.0,0,1744768558376,6,0.0
1744768558,83549.15,83577.95,0.0,0,1744768558488,6,0.0
1744768558,83549.05,83577.85,0.0,0,1744768558595,6,0.0
1744768558,83549.41,83578.21,0.0,0,1744768558705,6,0.0
1744768558,83549.42,83578.22,0.0,0,1744768558817,6,0.0
1744768558,83549.6,83578.41,0.0,0,1744768558989,6,0.0
1744768559,83549.45,83578.25,0.0,0,1744768559115,6,0.0
1744768559,83550.02,83578.82,0.0,0,1744768559330,6,0.0
1744768559,83553.45,83582.25,0.0,0,1744768559465,6,0.0
1744768559,83553.16,83581.96,0.0,0,1744768559591,6,0.0
1744768559,83552.62,83581.42,0.0,0,1744768559713,6,0.0
1744768559,83553.62,83582.42,0.0,0,1744768559877,6,0.0
1744768560,83553.85,83582.65,0.0,0,1744768560027,6,0.0
1744768560,83552.76,83581.56,0.0,0,1744768560188,6,0.0
1744768560,83550.54,83579.34,0.0,0,1744768560301,6,0.0
1744768560,83550.43,83579.23,0.0,0,1744768560430,6,0.0
1744768560,83551.26,83580.06,0.0,0,1744768560536,6,0.0
1744768560,83551.29,83580.09,0.0,0,1744768560712,6,0.0
1744768560,83551.4,83580.2,0.0,0,1744768560818,6,0.0
1744768561,83551.81,83580.61,0.0,0,1744768561062,6,0.0
1744768561,83551.3,83580.1,0.0,0,1744768561187,6,0.0
1744768561,83551.07,83579.87,0.0,0,1744768561297,6,0.0
1744768561,83550.05,83578.85,0.0,0,1744768561435,6,0.0
1744768561,83549.68,83578.49,0.0,0,1744768561566,6,0.0
1744768561,83551.01,83579.82,0.0,0,1744768561771,6,0.0
1744768562,83551.61,83580.41,0.0,0,1744768562047,6,0.0
1744768562,83551.64,83580.44,0.0,0,1744768562208,6,0.0
1744768562,83551.71,83580.51,0.0,0,1744768562323,6,0.0
1744768562,83550.55,83579.35,0.0,0,1744768562433,6,0.0
1744768562,83550.11,83578.91,0.0,0,1744768562538,6,0.0
1744768562,83549.93,83578.73,0.0,0,1744768562668,6,0.0
1744768562,83550.43,83579.23,0.0,0,1744768562805,6,0.0
1744768563,83552.1,83580.9,0.0,0,1744768563033,6,0.0
1744768563,83551.99,83580.79,0.0,0,1744768563165,6,0.0
1744768563,83551.56,83580.36,0.0,0,1744768563313,6,0.0
1744768563,83551.45,83580.25,0.0,0,1744768563430,6,0.0
1744768563,83552.8,83581.6,0.0,0,1744768563610,6,0.0
1744768563,83552.77,83581.57,0.0,0,1744768563766,6,0.0
1744768563,83552.76,83581.56,0.0,0,1744768563932,6,0.0
1744768564,83552.74,83581.54,0.0,0,1744768564095,6,0.0
1744768564,83551.89,83580.69,0.0,0,1744768564308,6,0.0
1744768564,83551.87,83580.67,0.0,0,1744768564433,6,0.0
1744768564,83551.88,83580.68,0.0,0,1744768564553,6,0.0
1744768564,83552.83,83581.63,0.0,0,1744768564691,6,0.0
1744768564,83552.92,83581.72,0.0,0,1744768564834,6,0.0
1744768564,83553.02,83581.82,0.0,0,1744768564959,6,0.0
1744768565,83552.15,83580.95,0.0,0,1744768565097,6,0.0
1744768565,83552.47,83581.27,0.0,0,1744768565250,6,0.0
1744768565,83553.06,83581.86,0.0,0,1744768565426,6,0.0
1744768565,83553.14,83581.94,0.0,0,1744768565531,6,0.0
1744768565,83552.7,83581.5,0.0,0,1744768565692,6,0.0
1744768565,83552.47,83581.27,0.0,0,1744768565870,6,0.0
1744768566,83552.39,83581.19,0.0,0,1744768566040,6,0.0
1744768566,83552.03,83580.83,0.0,0,1744768566186,6,0.0
1744768566,83552.3,83581.1,0.0,0,1744768566332,6,0.0
1744768566,83550.79,83579.59,0.0,0,1744768566491,6,0.0
1744768566,83550.8,83579.6,0.0,0,1744768566620,6,0.0
1744768566,83550.52,83579.32,0.0,0,1744768566774,6,0.0
1744768566,83550.42,83579.22,0.0,0,1744768566914,6,0.0
1744768567,83550.47,83579.27,0.0,0,1744768567059,6,0.0
1744768567,83550.14,83578.94,0.0,0,1744768567186,6,0.0
1744768567,83551.09,83579.89,0.0,0,1744768567355,6,0.0
1744768567,83551.53,83580.33,0.0,0,1744768567476,6,0.0
1744768567,83551.98,83580.78,0.0,0,1744768567601,6,0.0
1744768567,83552.17,83580.97,0.0,0,1744768567734,6,0.0
1744768568,83551.58,83580.38,0.0,0,1744768568079,6,0.0
1744768568,83550.32,83579.12,0.0,0,1744768568214,6,0.0
1744768568,83550.17,83578.97,0.0,0,1744768568337,6,0.0
1744768568,83550.28,83579.08,0.0,0,1744768568478,6,0.0
1744768568,83550.38,83579.18,0.0,0,1744768568635,6,0.0
1744768568,83550.05,83578.85,0.0,0,1744768568784,6,0.0
1744768568,83550.15,83578.95,0.0,0,1744768568885,6,0.0
1744768568,83550.07,83578.87,0.0,0,1744768568999,6,0.0
1744768569,83550.48,83579.28,0.0,0,1744768569186,6,0.0
1744768569,83550.47,83579.27,0.0,0,1744768569372,6,0.0
1744768569,83550.69,83579.49,0.0,0,1744768569498,6,0.0
1744768569,83550.74,83579.54,0.0,0,1744768569665,6,0.0
1744768569,83550.76,83579.56,0.0,0,1744768569841,6,0.0
1744768569,83556.3,83585.1,0.0,0,1744768569985,6,0.0
1744768570,83561.51,83590.31,0.0,0,1744768570036,6,0.0
1744768570,83561.85,83590.65,0.0,0,1744768570136,6,0.0
1744768570,83564.53,83593.33,0.0,0,1744768570241,6,0.0
1744768570,83569.88,83598.69,0.0,0,1744768570291,6,0.0
1744768570,83571.34,83600.14,0.0,0,1744768570391,6,0.0
1744768570,83571.56,83600.36,0.0,0,1744768570514,6,0.0
1744768570,83571.2,83600.0,0.0,0,1744768570615,6,0.0
1744768570,83571.14,83599.94,0.0,0,1744768570859,6,0.0
1744768570,83570.09,83598.89,0.0,0,1744768570963,6,0.0
1744768571,83570.33,83599.13,0.0,0,1744768571101,6,0.0
1744768571,83569.6,83598.4,0.0,0,1744768571392,6,0.0
1744768571,83569.93,83598.73,0.0,0,1744768571513,6,0.0
1744768571,83569.66,83598.46,0.0,0,1744768571613,6,0.0
1744768571,83569.85,83598.65,0.0,0,1744768571723,6,0.0
1744768571,83569.95,83598.76,0.0,0,1744768571851,6,0.0
1744768571,83570.51,83599.31,0.0,0,1744768571974,6,0.0
1744768572,83570.14,83598.94,0.0,0,1744768572133,6,0.0
1744768572,83569.51,83598.31,0.0,0,1744768572301,6,0.0
1744768572,83569.27,83598.07,0.0,0,1744768572412,6,0.0
1744768572,83569.05,83597.86,0.0,0,1744768572522,6,0.0
1744768572,83567.76,83596.56,0.0,0,1744768572679,6,0.0
1744768572,83566.64,83595.44,0.0,0,1744768572843,6,0.0
1744768573,83568.23,83597.04,0.0,0,1744768573080,6,0.0
1744768573,83568.33,83597.13,0.0,0,1744768573259,6,0.0
1744768573,83568.3,83597.1,0.0,0,1744768573385,6,0.0
1744768573,83566.94,83595.74,0.0,0,1744768573526,6,0.0
1744768573,83566.46,83595.26,0.0,0,1744768573628,6,0.0
1744768573,83566.92,83595.72,0.0,0,1744768573866,6,0.0
1744768574,83567.62,83596.42,0.0,0,1744768574021,6,0.0
1744768574,83567.64,83596.44,0.0,0,1744768574154,6,0.0
1744768574,83568.34,83597.14,0.0,0,1744768574280,6,0.0
1744768574,83568.24,83597.04,0.0,0,1744768574403,6,0.0
1744768574,83568.57,83597.37,0.0,0,1744768574575,6,0.0
1744768574,83570.01,83598.81,0.0,0,1744768574918,6,0.0
1744768575,83570.34,83599.14,0.0,0,1744768575053,6,0.0
1744768575,83568.03,83596.83,0.0,0,1744768575200,6,0.0
1744768575,83568.33,83597.13,0.0,0,1744768575368,6,0.0
1744768575,83568.21,83597.01,0.0,0,1744768575519,6,0.0
1744768575,83567.2,83596.0,0.0,0,1744768575677,6,0.0
1744768575,83566.83,83595.63,0.0,0,1744768575797,6,0.0
1744768575,83566.58,83595.39,0.0,0,1744768575911,6,0.0
1744768576,83566.71,83595.51,0.0,0,1744768576011,6,0.0
1744768576,83566.85,83595.65,0.0,0,1744768576145,6,0.0
1744768576,83565.39,83594.19,0.0,0,1744768576267,6,0.0
1744768576,83565.44,83594.24,0.0,0,1744768576475,6,0.0
1744768576,83566.69,83595.49,0.0,0,1744768576629,6,0.0
1744768576,83566.89,83595.69,0.0,0,1744768576761,6,0.0
1744768576,83566.3,83595.1,0.0,0,1744768576885,6,0.0
1744768577,83567.0,83595.8,0.0,0,1744768577087,6,0.0
1744768577,83567.93,83596.73,0.0,0,1744768577282,6,0.0
1744768577,83567.46,83596.26,0.0,0,1744768577387,6,0.0
1744768577,83567.69,83596.49,0.0,0,1744768577534,6,0.0
1744768577,83567.16,83595.96,0.0,0,1744768577667,6,0.0
1744768577,83566.72,83595.52,0.0,0,1744768577846,6,0.0
1744768578,83565.81,83594.61,0.0,0,1744768578006,6,0.0
1744768578,83566.02,83594.82,0.0,0,1744768578185,6,0.0
1744768578,83566.17,83594.97,0.0,0,1744768578325,6,0.0
1744768578,83565.99,83594.79,0.0,0,1744768578454,6,0.0
1744768578,83566.09,83594.89,0.0,0,1744768578598,6,0.0
1744768578,83566.1,83594.9,0.0,0,1744768578731,6,0.0
1744768578,83567.68,83596.48,0.0,0,1744768578849,6,0.0
1744768578,83568.23,83597.03,0.0,0,1744768578996,6,0.0
1744768579,83568.72,83597.52,0.0,0,1744768579156,6,0.0
1744768579,83567.38,83596.18,0.0,0,1744768579318,6,0.0
1744768579,83566.92,83595.72,0.0,0,1744768579423,6,0.0
1744768579,83567.0,83595.8,0.0,0,1744768579593,6,0.0
1744768579,83567.14,83595.94,0.0,0,1744768579797,6,0.0
1744768579,83566.86,83595.66,0.0,0,1744768579933,6,0.0
1744768580,83567.38,83596.18,0.0,0,1744768580082,6,0.0
1744768580,83566.77,83595.57,0.0,0,1744768580186,6,0.0
1744768580,83566.61,83595.41,0.0,0,1744768580297,6,0.0
1744768580,83566.79,83595.59,0.0,0,1744768580417,6,0.0
1744768580,83566.83,83595.63,0.0,0,1744768580527,6,0.0
1744768580,83568.76,83597.56,0.0,0,1744768580988,6,0.0
1744768581,83569.91,83598.72,0.0,0,1744768581186,6,0.0
1744768581,83570.62,83599.42,0.0,0,1744768581383,6,0.0
1744768581,83570.4,83599.2,0.0,0,1744768581488,6,0.0
1744768581,83570.1,83598.9,0.0,0,1744768581691,6,0.0
1744768581,83570.25,83599.05,0.0,0,1744768581960,6,0.0
1744768582,83569.98,83598.78,0.0,0,1744768582108,6,0.0
1744768582,83569.62,83598.42,0.0,0,1744768582224,6,0.0
1744768582,83570.31,83599.11,0.0,0,1744768582427,6,0.0
1744768582,83570.06,83598.86,0.0,0,1744768582556,6,0.0
1744768582,83572.74,83601.54,0.0,0,1744768582692,6,0.0
1744768582,83573.32,83602.12,0.0,0,1744768582817,6,0.0
1744768583,83573.26,83602.06,0.0,0,1744768583057,6,0.0
1744768583,83572.93,83601.74,0.0,0,1744768583186,6,0.0
1744768583,83572.85,83601.65,0.0,0,1744768583327,6,0.0
1744768583,83572.88,83601.68,0.0,0,1744768583466,6,0.0
1744768583,83572.71,83601.51,0.0,0,1744768583576,6,0.0
1744768583,83572.41,83601.21,0.0,0,1744768583698,6,0.0
1744768583,83572.6,83601.4,0.0,0,1744768583912,6,0.0
1744768584,83573.14,83601.94,0.0,0,1744768584180,6,0.0
1744768584,83573.21,83602.01,0.0,0,1744768584331,6,0.0
1744768584,83572.93,83601.73,0.0,0,1744768584442,6,0.0
1744768584,83572.98,83601.78,0.0,0,1744768584589,6,0.0
1744768584,83572.84,83601.64,0.0,0,1744768584694,6,0.0
1744768585,83573.3,83602.1,0.0,0,1744768585011,6,0.0
1744768585,83573.11,83601.91,0.0,0,1744768585164,6,0.0
1744768585,83572.93,83601.73,0.0,0,1744768585286,6,0.0
1744768585,83572.86,83601.66,0.0,0,1744768585433,6,0.0
1744768585,83572.83,83601.63,0.0,0,1744768585581,6,0.0
1744768585,83572.7,83601.5,0.0,0,1744768585691,6,0.0
1744768585,83572.63,83601.43,0.0,0,1744768585823,6,0.0
1744768586,83573.55,83602.35,0.0,0,1744768586186,6,0.0
1744768586,83573.29,83602.09,0.0,0,1744768586331,6,0.0
1744768586,83573.45,83602.25,0.0,0,1744768586495,6,0.0
1744768586,83573.36,83602.16,0.0,0,1744768586658,6,0.0
1744768586,83573.42,83602.22,0.0,0,1744768586864,6,0.0
1744768586,83573.24,83602.04,0.0,0,1744768586987,6,0.0
1744768587,83573.36,83602.16,0.0,0,1744768587186,6,0.0
1744768587,83573.2,83602.0,0.0,0,1744768587299,6,0.0
1744768587,83573.16,83601.97,0.0,0,1744768587440,6,0.0
1744768587,83572.97,83601.77,0.0,0,1744768587566,6,0.0
1744768587,83573.21,83602.01,0.0,0,1744768587718,6,0.0
1744768587,83573.23,83602.03,0.0,0,1744768587859,6,0.0
1744768587,83573.15,83601.95,0.0,0,1744768587978,6,0.0
1744768588,83573.01,83601.81,0.0,0,1744768588084,6,0.0
1744768588,83572.97,83601.77,0.0,0,1744768588262,6,0.0
1744768588,83572.67,83601.47,0.0,0,1744768588396,6,0.0
1744768588,83572.51,83601.31,0.0,0,1744768588504,6,0.0
1744768588,83572.54,83601.34,0.0,0,1744768588691,6,0.0
1744768588,83572.59,83601.39,0.0,0,1744768588900,6,0.0
1744768589,83573.67,83602.47,0.0,0,1744768589186,6,0.0
1744768589,83573.5,83602.3,0.0,0,1744768589295,6,0.0
1744768589,83573.25,83602.05,0.0,0,1744768589580,6,0.0
1744768589,83573.29,83602.09,0.0,0,1744768589780,6,0.0
1744768589,83573.09,83601.89,0.0,0,1744768589924,6,0.0
1744768590,83572.91,83601.71,0.0,0,1744768590032,6,0.0
1744768590,83572.83,83601.63,0.0,0,1744768590160,6,0.0
1744768590,83572.78,83601.58,0.0,0,1744768590302,6,0.0
1744768590,83572.84,83601.64,0.0,0,1744768590472,6,0.0
1744768590,83572.86,83601.66,0.0,0,1744768590639,6,0.0
1744768590,83573.09,83601.89,0.0,0,1744768590836,6,0.0
1744768591,83573.88,83602.68,0.0,0,1744768591186,6,0.0
1744768591,83573.58,83602.38,0.0,0,1744768591296,6,0.0
1744768591,83573.53,83602.33,0.0,0,1744768591452,6,0.0
1744768591,83573.49,83602.29,0.0,0,1744768591617,6,0.0
1744768591,83573.34,83602.14,0.0,0,1744768591760,6,0.0
1744768592,83573.96,83602.77,0.0,0,1744768592118,6,0.0
1744768592,83574.15,83602.95,0.0,0,1744768592323,6,0.0
1744768592,83574.09,83602.89,0.0,0,1744768592489,6,0.0
1744768592,83573.6,83602.4,0.0,0,1744768592605,6,0.0
1744768592,83573.51,83602.31,0.0,0,1744768592783,6,0.0
1744768592,83573.37,83602.17,0.0,0,1744768592935,6,0.0
1744768593,83574.06,83602.86,0.0,0,1744768593187,6,0.0
1744768593,83573.92,83602.72,0.0,0,1744768593312,6,0.0
1744768593,83573.63,83602.43,0.0,0,1744768593418,6,0.0
1744768593,83573.11,83601.91,0.0,0,1744768593704,6,0.0
1744768593,83572.86,83601.66,0.0,0,1744768593843,6,0.0
1744768594,83576.58,83605.38,0.0,0,1744768594094,6,0.0
1744768594,83576.58,83605.39,0.0,0,1744768594554,4,0.0
1744768594,83576.59,83605.39,0.0,0,1744768594687,2,0.0
1744768595,83576.6,83605.4,0.0,0,1744768595354,6,0.0
1744768595,83576.06,83604.86,0.0,0,1744768595598,6,0.0
1744768595,83575.55,83604.35,0.0,0,1744768595714,6,0.0
1744768595,83575.17,83603.97,0.0,0,1744768595820,6,0.0
1744768595,83574.98,83603.78,0.0,0,1744768595975,6,0.0
1744768596,83574.81,83603.61,0.0,0,1744768596115,6,0.0
1744768596,83575.07,83603.87,0.0,0,1744768596274,6,0.0
1744768596,83575.15,83603.95,0.0,0,1744768596407,6,0.0
1744768596,83575.18,83603.98,0.0,0,1744768596545,6,0.0
1744768596,83575.29,83604.09,0.0,0,1744768596701,6,0.0
1744768596,83575.34,83604.14,0.0,0,1744768596851,6,0.0
1744768596,83575.23,83604.03,0.0,0,1744768596998,6,0.0
1744768597,83575.36,83604.16,0.0,0,1744768597119,6,0.0
1744768597,83575.45,83604.25,0.0,0,1744768597263,6,0.0
1744768597,83575.27,83604.07,0.0,0,1744768597389,6,0.0
1744768597,83575.54,83604.34,0.0,0,1744768597494,6,0.0
1744768597,83575.66,83604.46,0.0,0,1744768597614,6,0.0
1744768597,83575.44,83604.24,0.0,0,1744768597744,6,0.0
1744768598,83576.64,83605.44,0.0,0,1744768598101,6,0.0
1744768598,83576.42,83605.22,0.0,0,1744768598499,6,0.0
1744768598,83576.32,83605.13,0.0,0,1744768598622,6,0.0
1744768598,83576.06,83604.86,0.0,0,1744768598736,6,0.0
1744768598,83576.07,83604.87,0.0,0,1744768598886,6,0.0
1744768599,83575.96,83604.76,0.0,0,1744768599031,6,0.0
1744768599,83579.46,83608.27,0.0,0,1744768599081,6,0.0
1744768599,83580.17,83608.97,0.0,0,1744768599183,6,0.0
1744768599,83583.59,83612.39,0.0,0,1744768599841,6,0.0
1744768599,83585.68,83614.48,0.0,0,1744768599942,6,0.0
1744768600,83585.69,83614.49,0.0,0,1744768600133,6,0.0
1744768601,83585.7,83614.5,0.0,0,1744768601114,6,0.0
1744768602,83585.69,83614.49,0.0,0,1744768602044,6,0.0
1744768602,83584.98,83613.78,0.0,0,1744768602165,6,0.0
1744768602,83584.63,83613.43,0.0,0,1744768602305,6,0.0
1744768602,83584.22,83613.02,0.0,0,1744768602425,6,0.0
1744768602,83584.09,83612.89,0.0,0,1744768602549,6,0.0
1744768602,83584.06,83612.86,0.0,0,1744768602687,6,0.0
1744768602,83584.33,83613.13,0.0,0,1744768602902,6,0.0
1744768603,83584.77,83613.57,0.0,0,1744768603125,6,0.0
1744768603,83584.44,83613.24,0.0,0,1744768603256,6,0.0
1744768603,83584.95,83613.75,0.0,0,1744768603473,6,0.0
1744768603,83584.76,83613.56,0.0,0,1744768603620,6,0.0
1744768603,83584.73,83613.53,0.0,0,1744768603743,6,0.0
1744768603,83584.71,83613.51,0.0,0,1744768603892,6,0.0
1744768604,83584.41,83613.22,0.0,0,1744768604020,6,0.0
1744768604,83584.18,83612.99,0.0,0,1744768604137,6,0.0
1744768604,83584.05,83612.85,0.0,0,1744768604257,6,0.0
1744768604,83584.34,83613.14,0.0,0,1744768604376,6,0.0
1744768604,83584.37,83613.17,0.0,0,1744768604538,6,0.0
1744768604,83576.5,83605.3,0.0,0,1744768604590,6,0.0
1744768604,83573.7,83602.5,0.0,0,1744768604641,6,0.0
1744768604,83571.9,83600.7,0.0,0,1744768604747,6,0.0
1744768604,83571.3,83600.1,0.0,0,1744768604975,6,0.0
1744768605,83571.49,83600.29,0.0,0,1744768605075,6,0.0
1744768605,83568.35,83597.15,0.0,0,1744768605129,6,0.0
1744768605,83562.3,83591.1,0.0,0,1744768605231,6,0.0
1744768605,83557.7,83586.5,0.0,0,1744768605281,6,0.0
1744768605,83557.69,83586.49,0.0,0,1744768605394,6,0.0
1744768605,83557.96,83586.76,0.0,0,1744768605505,6,0.0
1744768605,83557.34,83586.14,0.0,0,1744768605639,6,0.0
1744768605,83552.39,83581.19,0.0,0,1744768605935,6,0.0
1744768606,83551.69,83580.49,0.0,0,1744768606108,6,0.0
1744768606,83551.94,83580.74,0.0,0,1744768606252,6,0.0
1744768606,83552.55,83581.35,0.0,0,1744768606394,6,0.0
1744768606,83552.56,83581.36,0.0,0,1744768606628,6,0.0
1744768606,83553.34,83582.14,0.0,0,1744768606741,6,0.0
1744768606,83553.3,83582.1,0.0,0,1744768606918,6,0.0
1744768607,83553.32,83582.12,0.0,0,1744768607034,6,0.0
1744768607,83554.99,83583.79,0.0,0,1744768607186,6,0.0
1744768607,83551.32,83580.12,0.0,0,1744768607341,6,0.0
1744768607,83551.62,83580.42,0.0,0,1744768607471,6,0.0
1744768607,83551.4,83580.2,0.0,0,1744768607596,6,0.0
1744768607,83551.47,83580.27,0.0,0,1744768607710,6,0.0
1744768607,83551.81,83580.61,0.0,0,1744768607826,6,0.0
1744768607,83551.76,83580.56,0.0,0,1744768607962,6,0.0
1744768608,83552.82,83581.62,0.0,0,1744768608159,6,0.0
1744768608,83552.97,83581.77,0.0,0,1744768608299,6,0.0
1744768608,83552.61,83581.41,0.0,0,1744768608415,6,0.0
1744768608,83552.39,83581.19,0.0,0,1744768608521,6,0.0
1744768608,83552.03,83580.83,0.0,0,1744768608623,6,0.0
1744768608,83551.85,83580.65,0.0,0,1744768608727,6,0.0
1744768608,83552.12,83580.92,0.0,0,1744768608866,6,0.0
1744768608,83552.55,83581.35,0.0,0,1744768608980,6,0.0
1744768609,83552.96,83581.76,0.0,0,1744768609101,6,0.0
1744768609,83553.72,83582.52,0.0,0,1744768609282,6,0.0
1744768609,83553.21,83582.02,0.0,0,1744768609419,6,0.0
1744768609,83553.14,83581.94,0.0,0,1744768609554,6,0.0
1744768609,83552.82,83581.62,0.0,0,1744768609691,6,0.0
1744768609,83555.47,83584.27,0.0,0,1744768609827,6,0.0
1744768609,83555.0,83583.8,0.0,0,1744768609935,6,0.0
1744768610,83555.9,83584.7,0.0,0,1744768610186,6,0.0
1744768610,83556.51,83585.31,0.0,0,1744768610322,6,0.0
1744768610,83556.42,83585.22,0.0,0,1744768610453,6,0.0
1744768610,83555.79,83584.59,0.0,0,1744768610583,6,0.0
1744768610,83555.78,83584.58,0.0,0,1744768610721,6,0.0
1744768610,83556.32,83585.12,0.0,0,1744768610870,6,0.0
1744768611,83556.68,83585.48,0.0,0,1744768611032,6,0.0
1744768611,83556.37,83585.17,0.0,0,1744768611169,6,0.0
1744768611,83556.96,83585.76,0.0,0,1744768611284,6,0.0
1744768611,83556.92,83585.72,0.0,0,1744768611388,6,0.0
1744768611,83557.54,83586.34,0.0,0,1744768611502,6,0.0
1744768611,83558.06,83586.86,0.0,0,1744768611618,6,0.0
1744768611,83559.63,83588.43,0.0,0,1744768611749,6,0.0
1744768611,83560.06,83588.86,0.0,0,1744768611965,6,0.0
1744768612,83559.55,83588.35,0.0,0,1744768612074,6,0.0
1744768612,83559.59,83588.39,0.0,0,1744768612202,6,0.0
1744768612,83559.62,83588.42,0.0,0,1744768612317,6,0.0
1744768612,83559.9,83588.7,0.0,0,1744768612418,6,0.0
1744768612,83559.86,83588.66,0.0,0,1744768612528,6,0.0
1744768612,83560.06,83588.86,0.0,0,1744768612638,6,0.0
1744768612,83559.89,83588.69,0.0,0,1744768612747,6,0.0
1744768612,83560.14,83588.94,0.0,0,1744768612863,6,0.0
1744768613,83559.85,83588.66,0.0,0,1744768613011,6,0.0
1744768613,83559.99,83588.79,0.0,0,1744768613199,6,0.0
1744768613,83559.96,83588.76,0.0,0,1744768613309,6,0.0
1744768613,83560.18,83588.98,0.0,0,1744768613417,6,0.0
1744768613,83559.91,83588.71,0.0,0,1744768613627,6,0.0
1744768613,83560.0,83588.8,0.0,0,1744768613728,6,0.0
1744768613,83560.21,83589.01,0.0,0,1744768613855,6,0.0
1744768614,83561.22,83590.02,0.0,0,1744768614014,6,0.0
1744768614,83561.01,83589.81,0.0,0,1744768614122,6,0.0
1744768614,83561.03,83589.83,0.0,0,1744768614267,6,0.0
1744768614,83560.77,83589.57,0.0,0,1744768614392,6,0.0
1744768614,83560.56,83589.36,0.0,0,1744768614517,6,0.0
1744768614,83561.03,83589.83,0.0,0,1744768614666,6,0.0
1744768614,83560.61,83589.41,0.0,0,1744768614786,6,0.0
1744768614,83560.65,83589.45,0.0,0,1744768614893,6,0.0
1744768615,83560.72,83589.52,0.0,0,1744768615004,6,0.0
1744768615,83560.49,83589.29,0.0,0,1744768615118,6,0.0
1744768615,83560.6,83589.4,0.0,0,1744768615272,6,0.0
1744768615,83561.99,83590.79,0.0,0,1744768615379,6,0.0
1744768615,83567.17,83595.97,0.0,0,1744768615429,6,0.0
1744768615,83567.33,83596.13,0.0,0,1744768615531,6,0.0
1744768615,83567.1,83595.9,0.0,0,1744768615642,6,0.0
1744768615,83567.3,83596.1,0.0,0,1744768615756,6,0.0
1744768616,83567.08,83595.88,0.0,0,1744768616357,6,0.0
1744768616,83567.15,83595.95,0.0,0,1744768616496,6,0.0
1744768616,83567.16,83595.96,0.0,0,1744768616597,6,0.0
1744768616,83567.85,83596.65,0.0,0,1744768616820,6,0.0
1744768617,83567.51,83596.31,0.0,0,1744768617080,6,0.0
1744768617,83566.94,83595.74,0.0,0,1744768617207,6,0.0
1744768617,83566.58,83595.38,0.0,0,1744768617333,6,0.0
1744768617,83566.35,83595.15,0.0,0,1744768617445,6,0.0
1744768617,83566.58,83595.38,0.0,0,1744768617556,6,0.0
1744768617,83566.3,83595.1,0.0,0,1744768617669,6,0.0
1744768617,83566.54,83595.34,0.0,0,1744768617808,6,0.0
1744768617,83566.43,83595.23,0.0,0,1744768617930,6,0.0
1744768618,83566.34,83595.14,0.0,0,1744768618068,6,0.0
1744768618,83566.51,83595.31,0.0,0,1744768618239,6,0.0
1744768618,83566.28,83595.08,0.0,0,1744768618342,6,0.0
1744768618,83566.38,83595.18,0.0,0,1744768618507,6,0.0
1744768618,83566.0,83594.8,0.0,0,1744768618615,6,0.0
1744768618,83566.23,83595.03,0.0,0,1744768618752,6,0.0
1744768618,83566.11,83594.91,0.0,0,1744768618873,6,0.0
1744768619,83566.53,83595.33,0.0,0,1744768619218,6,0.0
1744768619,83566.32,83595.12,0.0,0,1744768619322,6,0.0
1744768619,83565.82,83594.62,0.0,0,1744768619459,6,0.0
1744768619,83566.17,83594.97,0.0,0,1744768619610,6,0.0
1744768619,83565.46,83594.26,0.0,0,1744768619809,6,0.0
1744768619,83553.87,83582.67,0.0,0,1744768619917,6,0.0
1744768620,83552.98,83581.78,0.0,0,1744768620031,6,0.0
1744768620,83550.68,83579.48,0.0,0,1744768620132,6,0.0
1744768620,83550.67,83579.47,0.0,0,1744768620266,6,0.0
1744768620,83549.78,83578.58,0.0,0,1744768620452,6,0.0
1744768620,83549.67,83578.47,0.0,0,1744768620719,6,0.0
1744768620,83549.66,83578.46,0.0,0,1744768620855,6,0.0
1744768621,83549.75,83578.55,0.0,0,1744768621072,6,0.0
1744768621,83549.68,83578.48,0.0,0,1744768621222,6,0.0
1744768621,83550.35,83579.15,0.0,0,1744768621367,6,0.0
1744768621,83548.54,83577.34,0.0,0,1744768621605,6,0.0
1744768621,83549.53,83578.33,0.0,0,1744768621761,6,0.0
1744768621,83549.18,83577.98,0.0,0,1744768621933,6,0.0
1744768622,83550.12,83578.92,0.0,0,1744768622035,6,0.0
1744768622,83550.82,83579.62,0.0,0,1744768622140,6,0.0
1744768622,83552.0,83580.8,0.0,0,1744768622296,6,0.0
1744768622,83552.92,83581.72,0.0,0,1744768622418,6,0.0
1744768622,83552.84,83581.64,0.0,0,1744768622533,6,0.0
1744768622,83553.08,83581.88,0.0,0,1744768622684,6,0.0
1744768622,83552.68,83581.48,0.0,0,1744768622830,6,0.0
1744768623,83551.02,83579.82,0.0,0,1744768623061,6,0.0
1744768623,83550.65,83579.45,0.0,0,1744768623190,6,0.0
1744768623,83550.91,83579.71,0.0,0,1744768623294,6,0.0
1744768623,83551.03,83579.83,0.0,0,1744768623453,6,0.0
1744768623,83551.25,83580.05,0.0,0,1744768623558,6,0.0
1744768623,83551.68,83580.48,0.0,0,1744768623704,6,0.0
1744768623,83551.71,83580.51,0.0,0,1744768623817,6,0.0
1744768623,83552.14,83580.94,0.0,0,1744768623932,6,0.0
1744768624,83551.27,83580.07,0.0,0,1744768624094,6,0.0
1744768624,83551.39,83580.19,0.0,0,1744768624236,6,0.0
1744768624,83551.77,83580.57,0.0,0,1744768624379,6,0.0
1744768624,83551.68,83580.48,0.0,0,1744768624500,6,0.0
1744768624,83551.61,83580.41,0.0,0,1744768624632,6,0.0
1744768624,83552.01,83580.81,0.0,0,1744768624757,6,0.0
1744768624,83550.93,83579.73,0.0,0,1744768624896,6,0.0
1744768625,83551.06,83579.86,0.0,0,1744768625047,6,0.0
1744768625,83550.79,83579.59,0.0,0,1744768625182,6,0.0
1744768625,83550.76,83579.56,0.0,0,1744768625301,6,0.0
1744768625,83547.89,83576.69,0.0,0,1744768625545,6,0.0
1744768625,83547.91,83576.71,0.0,0,1744768625655,6,0.0
1744768625,83548.24,83577.04,0.0,0,1744768625781,6,0.0
1744768625,83547.93,83576.73,0.0,0,1744768625923,6,0.0
1744768626,83546.16,83574.96,0.0,0,1744768626106,6,0.0
1744768626,83546.9,83575.7,0.0,0,1744768626323,6,0.0
1744768626,83546.32,83575.12,0.0,0,1744768626425,6,0.0
1744768626,83546.21,83575.01,0.0,0,1744768626618,6,0.0
1744768626,83544.94,83573.74,0.0,0,1744768626731,6,0.0
1744768626,83545.05,83573.85,0.0,0,1744768626883,6,0.0
1744768627,83546.12,83574.92,0.0,0,1744768627166,6,0.0
1744768627,83545.54,83574.34,0.0,0,1744768627366,6,0.0
1744768627,83546.02,83574.82,0.0,0,1744768627488,6,0.0
1744768627,83546.52,83575.32,0.0,0,1744768627596,6,0.0
1744768627,83546.19,83574.99,0.0,0,1744768627705,6,0.0
1744768627,83546.05,83574.85,0.0,0,1744768627814,6,0.0
1744768627,83546.02,83574.82,0.0,0,1744768627992,6,0.0
1744768628,83545.64,83574.44,0.0,0,1744768628096,6,0.0
1744768628,83546.58,83575.38,0.0,0,1744768628260,6,0.0
1744768628,83546.21,83575.01,0.0,0,1744768628374,6,0.0
1744768628,83544.44,83573.24,0.0,0,1744768628495,6,0.0
1744768628,83544.83,83573.63,0.0,0,1744768628629,6,0.0
1744768628,83545.01,83573.81,0.0,0,1744768628779,6,0.0
1744768628,83544.56,83573.36,0.0,0,1744768628880,6,0.0
1744768629,83544.45,83573.25,0.0,0,1744768629001,6,0.0
1744768629,83544.47,83573.27,0.0,0,1744768629186,6,0.0
1744768629,83544.58,83573.38,0.0,0,1744768629340,6,0.0
1744768629,83544.88,83573.68,0.0,0,1744768629452,6,0.0
1744768629,83545.56,83574.36,0.0,0,1744768629695,6,0.0
1744768629,83544.84,83573.64,0.0,0,1744768629824,6,0.0
1744768630,83545.05,83573.85,0.0,0,1744768630040,6,0.0
1744768630,83544.9,83573.7,0.0,0,1744768630167,6,0.0
1744768630,83544.66,83573.46,0.0,0,1744768630291,6,0.0
1744768630,83545.58,83574.38,0.0,0,1744768630458,6,0.0
1744768630,83545.25,83574.05,0.0,0,1744768630572,6,0.0
1744768630,83544.73,83573.53,0.0,0,1744768630673,6,0.0
1744768630,83545.12,83573.92,0.0,0,1744768630901,6,0.0
1744768631,83543.88,83572.68,0.0,0,1744768631009,6,0.0
1744768631,83543.81,83572.61,0.0,0,1744768631122,6,0.0
1744768631,83544.42,83573.22,0.0,0,1744768631356,6,0.0
1744768631,83544.26,83573.06,0.0,0,1744768631495,6,0.0
1744768631,83544.43,83573.23,0.0,0,1744768631660,6,0.0
1744768631,83544.25,83573.06,0.0,0,1744768631785,6,0.0
1744768631,83544.53,83573.34,0.0,0,1744768631888,6,0.0
1744768631,83550.94,83579.74,0.0,0,1744768631940,6,0.0
1744768632,83550.94,83579.75,0.0,0,1744768632255,4,0.0
1744768632,83550.95,83579.75,0.0,0,1744768632367,2,0.0
1744768632,83555.25,83584.05,0.0,0,1744768632467,6,0.0
1744768633,83555.26,83584.06,0.0,0,1744768633309,6,0.0
1744768633,83548.35,83577.15,0.0,0,1744768633413,6,0.0
1744768633,83546.16,83574.96,0.0,0,1744768633515,6,0.0
1744768633,83540.97,83569.77,0.0,0,1744768633678,6,0.0
1744768633,83540.98,83569.78,0.0,0,1744768633934,6,0.0
1744768634,83540.99,83569.79,0.0,0,1744768634316,6,0.0
1744768634,83541.0,83569.8,0.0,0,1744768634531,6,0.0
1744768635,83541.36,83570.16,0.0,0,1744768635522,6,0.0
1744768635,83542.29,83571.09,0.0,0,1744768635642,6,0.0
1744768635,83542.89,83571.69,0.0,0,1744768635760,6,0.0
1744768635,83543.28,83572.08,0.0,0,1744768635901,6,0.0
1744768636,83543.47,83572.27,0.0,0,1744768636011,6,0.0
1744768636,83543.59,83572.39,0.0,0,1744768636117,6,0.0
1744768636,83543.54,83572.34,0.0,0,1744768636287,6,0.0
1744768636,83543.6,83572.4,0.0,0,1744768636443,6,0.0
1744768636,83539.71,83568.51,0.0,0,1744768636543,6,0.0
1744768637,83539.72,83568.52,0.0,0,1744768637337,6,0.0
1744768637,83539.73,83568.53,0.0,0,1744768637749,6,0.0
1744768638,83539.97,83568.77,0.0,0,1744768638166,6,0.0
1744768638,83541.0,83569.8,0.0,0,1744768638323,6,0.0
1744768638,83541.61,83570.41,0.0,0,1744768638447,6,0.0
1744768638,83541.91,83570.71,0.0,0,1744768638601,6,0.0
1744768638,83542.25,83571.05,0.0,0,1744768638716,6,0.0
1744768638,83542.48,83571.28,0.0,0,1744768638876,6,0.0
1744768639,83542.64,83571.44,0.0,0,1744768639036,6,0.0
1744768639,83542.98,83571.78,0.0,0,1744768639303,6,0.0
1744768639,83543.32,83572.12,0.0,0,1744768639610,6,0.0
1744768639,83543.68,83572.48,0.0,0,1744768639759,6,0.0
1744768639,83543.74,83572.54,0.0,0,1744768639906,6,0.0
1744768640,83543.82,83572.62,0.0,0,1744768640064,6,0.0
1744768640,83544.55,83573.36,0.0,0,1744768640310,6,0.0
1744768640,83544.11,83572.91,0.0,0,1744768640436,6,0.0
1744768640,83543.84,83572.64,0.0,0,1744768640554,6,0.0
1744768640,83543.95,83572.75,0.0,0,1744768640679,6,0.0
1744768640,83543.67,83572.47,0.0,0,1744768640839,6,0.0
1744768640,83543.23,83572.03,0.0,0,1744768640959,6,0.0
1744768641,83543.09,83571.89,0.0,0,1744768641135,6,0.0
1744768641,83543.05,83571.85,0.0,0,1744768641245,6,0.0
1744768641,83547.49,83576.29,0.0,0,1744768641296,6,0.0
1744768641,83547.99,83576.79,0.0,0,1744768641413,6,0.0
1744768641,83551.1,83579.9,0.0,0,1744768641684,6,0.0
1744768643,83550.39,83579.19,0.0,0,1744768643573,6,0.0
1744768643,83549.76,83578.56,0.0,0,1744768643698,6,0.0
1744768643,83549.36,83578.16,0.0,0,1744768643800,6,0.0
1744768643,83549.32,83578.12,0.0,0,1744768643908,6,0.0
1744768644,83549.21,83578.01,0.0,0,1744768644143,6,0.0
1744768644,83549.38,83578.18,0.0,0,1744768644258,6,0.0
1744768644,83550.03,83578.83,0.0,0,1744768644466,6,0.0
1744768644,83550.1,83578.9,0.0,0,1744768644597,6,0.0
1744768644,83550.15,83578.95,0.0,0,1744768644712,6,0.0
1744768644,83550.08,83578.88,0.0,0,1744768644822,6,0.0
1744768644,83550.1,83578.9,0.0,0,1744768644937,6,0.0
1744768645,83550.42,83579.22,0.0,0,1744768645087,6,0.0
1744768645,83550.09,83578.89,0.0,0,1744768645196,6,0.0
1744768645,83549.86,83578.66,0.0,0,1744768645305,6,0.0
1744768645,83549.57,83578.37,0.0,0,1744768645421,6,0.0
1744768645,83558.85,83587.65,0.0,0,1744768645579,6,0.0
1744768645,83559.15,83587.95,0.0,0,1744768645691,6,0.0
1744768645,83559.08,83587.88,0.0,0,1744768645819,6,0.0
1744768645,83558.69,83587.49,0.0,0,1744768645942,6,0.0
1744768646,83558.97,83587.77,0.0,0,1744768646241,6,0.0
1744768646,83564.2,83593.0,0.0,0,1744768646293,6,0.0
1744768646,83565.1,83593.91,0.0,0,1744768646397,6,0.0
1744768646,83568.81,83597.61,0.0,0,1744768646448,6,0.0
1744768646,83568.61,83597.41,0.0,0,1744768646599,6,0.0
1744768646,83568.49,83597.29,0.0,0,1744768646702,6,0.0
1744768646,83568.21,83597.01,0.0,0,1744768646839,6,0.0
1744768646,83568.08,83596.88,0.0,0,1744768646981,6,0.0
1744768647,83568.39,83597.19,0.0,0,1744768647235,6,0.0
1744768647,83568.12,83596.92,0.0,0,1744768647567,6,0.0
1744768647,83567.83,83596.64,0.0,0,1744768647820,6,0.0
1744768648,83568.66,83597.46,0.0,0,1744768648013,6,0.0
1744768648,83568.29,83597.09,0.0,0,1744768648147,6,0.0
1744768648,83568.7,83597.5,0.0,0,1744768648291,6,0.0
1744768648,83568.81,83597.61,0.0,0,1744768648442,6,0.0
1744768648,83568.35,83597.15,0.0,0,1744768648595,6,0.0
1744768648,83568.65,83597.45,0.0,0,1744768648698,6,0.0
1744768648,83568.39,83597.19,0.0,0,1744768648838,6,0.0
1744768648,83569.12,83597.92,0.0,0,1744768648997,6,0.0
1744768649,83568.33,83597.13,0.0,0,1744768649333,6,0.0
1744768649,83567.98,83596.78,0.0,0,1744768649437,6,0.0
1744768649,83567.59,83596.39,0.0,0,1744768649630,6,0.0
1744768649,83562.87,83591.67,0.0,0,1744768649752,6,0.0
1744768649,83563.09,83591.89,0.0,0,1744768649885,6,0.0
1744768650,83562.53,83591.33,0.0,0,1744768650000,6,0.0
1744768650,83562.25,83591.05,0.0,0,1744768650113,6,0.0
1744768650,83561.97,83590.77,0.0,0,1744768650217,6,0.0
1744768650,83561.7,83590.5,0.0,0,1744768650343,6,0.0
1744768650,83561.89,83590.69,0.0,0,1744768650482,6,0.0
1744768650,83562.98,83591.78,0.0,0,1744768650635,6,0.0
1744768650,83563.03,83591.83,0.0,0,1744768650998,6,0.0
1744768651,83564.25,83593.05,0.0,0,1744768651167,6,0.0
1744768651,83564.71,83593.51,0.0,0,1744768651310,6,0.0
1744768651,83565.49,83594.29,0.0,0,1744768651521,6,0.0
1744768651,83565.96,83594.76,0.0,0,1744768651648,6,0.0
1744768651,83565.57,83594.37,0.0,0,1744768651842,6,0.0
1744768651,83565.6,83594.4,0.0,0,1744768651977,6,0.0
1744768652,83565.88,83594.68,0.0,0,1744768652110,6,0.0
1744768652,83566.04,83594.84,0.0,0,1744768652291,6,0.0
1744768652,83566.0,83594.8,0.0,0,1744768652423,6,0.0
1744768652,83566.4,83595.2,0.0,0,1744768652591,6,0.0
1744768652,83567.48,83596.28,0.0,0,1744768652746,6,0.0
1744768653,83568.38,83597.18,0.0,0,1744768653047,6,0.0
1744768653,83568.13,83596.93,0.0,0,1744768653177,6,0.0
1744768653,83568.05,83596.85,0.0,0,1744768653326,6,0.0
1744768653,83567.91,83596.71,0.0,0,1744768653447,6,0.0
1744768653,83568.2,83597.0,0.0,0,1744768653563,6,0.0
1744768653,83569.85,83598.65,0.0,0,1744768653741,6,0.0
1744768653,83569.61,83598.41,0.0,0,1744768653885,6,0.0
1744768654,83569.5,83598.3,0.0,0,1744768654032,6,0.0
1744768654,83569.49,83598.29,0.0,0,1744768654187,6,0.0
1744768654,83569.53,83598.33,0.0,0,1744768654317,6,0.0
1744768654,83569.68,83598.48,0.0,0,1744768654474,6,0.0
1744768654,83569.43,83598.23,0.0,0,1744768654595,6,0.0
1744768654,83569.6,83598.4,0.0,0,1744768654712,6,0.0
1744768654,83569.94,83598.74,0.0,0,1744768654854,6,0.0
1744768654,83569.9,83598.7,0.0,0,1744768654996,6,0.0
1744768655,83569.63,83598.43,0.0,0,1744768655139,6,0.0
1744768655,83569.59,83598.39,0.0,0,1744768655248,6,0.0
1744768655,83569.57,83598.37,0.0,0,1744768655371,6,0.0
1744768655,83569.74,83598.54,0.0,0,1744768655526,6,0.0
1744768655,83570.26,83599.06,0.0,0,1744768655810,6,0.0
1744768655,83562.63,83591.43,0.0,0,1744768655863,6,0.0
1744768655,83559.57,83588.37,0.0,0,1744768655915,6,0.0
1744768656,83559.58,83588.38,0.0,0,1744768656038,6,0.0
1744768656,83559.59,83588.39,0.0,0,1744768656770,6,0.0
1744768657,83568.5,83597.3,0.0,0,1744768657128,6,0.0
1744768658,83568.51,83597.31,0.0,0,1744768658314,6,0.0
1744768658,83568.42,83597.22,0.0,0,1744768658885,6,0.0
1744768659,83567.77,83596.57,0.0,0,1744768659028,6,0.0
1744768659,83570.12,83598.92,0.0,0,1744768659147,6,0.0
1744768659,83570.11,83598.91,0.0,0,1744768659318,6,0.0
1744768660,83570.12,83598.92,0.0,0,1744768660569,6,0.0
1744768661,83569.93,83598.73,0.0,0,1744768661005,6,0.0
1744768661,83569.45,83598.25,0.0,0,1744768661153,6,0.0
1744768661,83569.17,83597.97,0.0,0,1744768661301,6,0.0
1744768661,83569.08,83597.88,0.0,0,1744768661487,6,0.0
1744768661,83568.78,83597.58,0.0,0,1744768661596,6,0.0
1744768661,83572.73,83601.54,0.0,0,1744768661732,6,0.0
1744768661,83572.74,83601.54,0.0,0,1744768661844,2,0.0
1744768662,83572.74,83601.55,0.0,0,1744768662478,4,0.0
1744768662,83572.75,83601.55,0.0,0,1744768662622,2,0.0
1744768662,83577.65,83606.45,0.0,0,1744768662674,6,0.0
1744768663,83580.85,83609.65,0.0,0,1744768663027,6,0.0
1744768664,83580.27,83609.07,0.0,0,1744768664591,6,0.0
1744768664,83579.72,83608.52,0.0,0,1744768664742,6,0.0
1744768664,83579.3,83608.1,0.0,0,1744768664928,6,0.0
1744768665,83579.11,83607.91,0.0,0,1744768665063,6,0.0
1744768665,83578.9,83607.7,0.0,0,1744768665249,6,0.0
1744768665,83578.83,83607.63,0.0,0,1744768665509,6,0.0
1744768665,83578.9,83607.7,0.0,0,1744768665666,6,0.0
1744768665,83579.12,83607.93,0.0,0,1744768665837,6,0.0
1744768666,83579.69,83608.49,0.0,0,1744768666069,6,0.0
1744768666,83579.54,83608.34,0.0,0,1744768666311,6,0.0
1744768666,83579.12,83607.92,0.0,0,1744768666435,6,0.0
1744768666,83579.06,83607.86,0.0,0,1744768666572,6,0.0
1744768666,83579.02,83607.82,0.0,0,1744768666691,6,0.0
1744768666,83579.13,83607.93,0.0,0,1744768666873,6,0.0
1744768667,83580.17,83608.97,0.0,0,1744768667334,6,0.0
1744768667,83579.95,83608.75,0.0,0,1744768667523,6,0.0
1744768667,83579.34,83608.14,0.0,0,1744768667638,6,0.0
1744768667,83579.37,83608.17,0.0,0,1744768667743,6,0.0
1744768667,83579.23,83608.03,0.0,0,1744768667857,6,0.0
1744768667,83579.04,83607.84,0.0,0,1744768667963,6,0.0
1744768668,83579.26,83608.06,0.0,0,1744768668257,6,0.0
1744768668,83578.96,83607.76,0.0,0,1744768668398,6,0.0
1744768668,83578.69,83607.49,0.0,0,1744768668607,6,0.0
1744768668,83579.01,83607.81,0.0,0,1744768668859,6,0.0
1744768669,83578.75,83607.55,0.0,0,1744768669011,6,0.0
1744768669,83578.69,83607.49,0.0,0,1744768669335,6,0.0
1744768669,83578.68,83607.48,0.0,0,1744768669522,6,0.0
1744768669,83578.67,83607.47,0.0,0,1744768669684,6,0.0
1744768669,83578.89,83607.69,0.0,0,1744768669892,6,0.0
1744768670,83579.09,83607.89,0.0,0,1744768670035,6,0.0
1744768670,83578.9,83607.7,0.0,0,1744768670138,6,0.0
1744768670,83571.69,83600.49,0.0,0,1744768670189,6,0.0
1744768671,83571.7,83600.5,0.0,0,1744768671101,6,0.0
1744768671,83571.82,83600.62,0.0,0,1744768671923,6,0.0
1744768672,83572.88,83601.68,0.0,0,1744768672037,6,0.0
1744768672,83573.6,83602.4,0.0,0,1744768672186,6,0.0
1744768672,83584.71,83613.51,0.0,0,1744768672292,6,0.0
1744768672,83584.91,83613.71,0.0,0,1744768672392,6,0.0
1744768674,83584.41,83613.21,0.0,0,1744768674116,6,0.0
1744768674,83583.72,83612.52,0.0,0,1744768674222,6,0.0
1744768674,83583.37,83612.17,0.0,0,1744768674389,6,0.0
1744768674,83583.1,83611.9,0.0,0,1744768674529,6,0.0
1744768674,83582.9,83611.7,0.0,0,1744768674677,6,0.0
1744768674,83582.88,83611.68,0.0,0,1744768674869,6,0.0
1744768675,83583.31,83612.11,0.0,0,1744768675126,6,0.0
1744768675,83583.27,83612.07,0.0,0,1744768675248,6,0.0
1744768675,83583.13,83611.93,0.0,0,1744768675388,6,0.0
1744768675,83582.91,83611.71,0.0,0,1744768675578,6,0.0
1744768675,83582.94,83611.74,0.0,0,1744768675823,6,0.0
1744768675,83583.03,83611.83,0.0,0,1744768675995,6,0.0
1744768676,83582.94,83611.74,0.0,0,1744768676103,6,0.0
1744768676,83583.03,83611.83,0.0,0,1744768676265,6,0.0
1744768676,83583.01,83611.81,0.0,0,1744768676397,6,0.0
1744768676,83582.95,83611.75,0.0,0,1744768676508,6,0.0
1744768676,83582.87,83611.67,0.0,0,1744768676638,6,0.0
1744768676,83583.2,83612.0,0.0,0,1744768676944,6,0.0
1744768677,83583.06,83611.86,0.0,0,1744768677079,6,0.0
1744768677,83582.82,83611.62,0.0,0,1744768677201,6,0.0
1744768677,83582.75,83611.55,0.0,0,1744768677534,6,0.0
1744768677,83582.59,83611.39,0.0,0,1744768677725,6,0.0
1744768677,83582.62,83611.42,0.0,0,1744768677895,6,0.0
1744768678,83582.58,83611.38,0.0,0,1744768678377,6,0.0
1744768678,83582.62,83611.42,0.0,0,1744768678480,6,0.0
1744768678,83582.71,83611.51,0.0,0,1744768678629,6,0.0
1744768678,83582.96,83611.76,0.0,0,1744768678786,6,0.0
1744768678,83582.93,83611.73,0.0,0,1744768678957,6,0.0
1744768679,83582.86,83611.66,0.0,0,1744768679057,6,0.0
1744768679,83583.09,83611.89,0.0,0,1744768679425,6,0.0
1744768679,83582.82,83611.62,0.0,0,1744768679529,6,0.0
1744768679,83582.68,83611.48,0.0,0,1744768679698,6,0.0
1744768679,83582.69,83611.49,0.0,0,1744768679804,6,0.0
1744768679,83576.93,83605.73,0.0,0,1744768679925,6,0.0
1744768680,83576.93,83605.73,0.0,0,1744768680050,2,0.0
1744768680,83569.44,83598.24,0.0,0,1744768680598,6,0.0
1744768681,83569.45,83598.25,0.0,0,1744768681300,6,0.0
1744768681,83569.46,83598.26,0.0,0,1744768681925,6,0.0
1744768682,83570.06,83598.86,0.0,0,1744768682428,6,0.0
1744768682,83571.39,83600.19,0.0,0,1744768682644,6,0.0
1744768682,83571.82,83600.62,0.0,0,1744768682792,6,0.0
1744768683,83572.85,83601.65,0.0,0,1744768683048,6,0.0
1744768683,83573.51,83602.31,0.0,0,1744768683337,6,0.0
1744768683,83573.23,83602.03,0.0,0,1744768683459,6,0.0
1744768683,83572.87,83601.67,0.0,0,1744768683588,6,0.0
1744768683,83573.21,83602.01,0.0,0,1744768683788,6,0.0
1744768684,83573.83,83602.63,0.0,0,1744768684088,6,0.0
1744768684,83573.22,83602.02,0.0,0,1744768684193,6,0.0
1744768684,83573.39,83602.19,0.0,0,1744768684360,6,0.0
1744768684,83573.14,83601.94,0.0,0,1744768684491,6,0.0
1744768684,83573.16,83601.96,0.0,0,1744768684619,6,0.0
1744768684,83572.98,83601.78,0.0,0,1744768684748,6,0.0
1744768684,83572.99,83601.79,0.0,0,1744768684865,6,0.0
1744768685,83573.45,83602.25,0.0,0,1744768685047,6,0.0
1744768685,83573.37,83602.17,0.0,0,1744768685185,6,0.0
1744768685,83573.16,83601.96,0.0,0,1744768685311,6,0.0
1744768685,83572.96,83601.76,0.0,0,1744768685447,6,0.0
1744768685,83572.89,83601.69,0.0,0,1744768685573,6,0.0
1744768685,83572.94,83601.74,0.0,0,1744768685714,6,0.0
1744768685,83573.31,83602.11,0.0,0,1744768685872,6,0.0
1744768685,83573.05,83601.85,0.0,0,1744768685984,6,0.0
1744768686,83573.25,83602.05,0.0,0,1744768686106,6,0.0
1744768686,83573.53,83602.33,0.0,0,1744768686249,6,0.0
1744768686,83573.61,83602.41,0.0,0,1744768686390,6,0.0
1744768686,83573.58,83602.38,0.0,0,1744768686522,6,0.0
1744768686,83573.66,83602.46,0.0,0,1744768686656,6,0.0
1744768686,83573.53,83602.34,0.0,0,1744768686776,6,0.0
1744768686,83577.85,83606.66,0.0,0,1744768686886,6,0.0
1744768686,83581.76,83610.56,0.0,0,1744768686989,6,0.0
1744768687,83585.06,83613.86,0.0,0,1744768687157,6,0.0
1744768687,83590.67,83619.47,0.0,0,1744768687266,6,0.0
1744768687,83592.97,83621.77,0.0,0,1744768687316,6,0.0
1744768687,83595.37,83624.17,0.0,0,1744768687366,6,0.0
1744768687,83595.38,83624.18,0.0,0,1744768687477,6,0.0
1744768687,83595.37,83624.18,0.0,0,1744768687603,2,0.0
1744768687,83595.38,83624.18,0.0,0,1744768687770,2,0.0
1744768688,83595.39,83624.19,0.0,0,1744768688666,6,0.0
1744768689,83595.01,83623.81,0.0,0,1744768689579,6,0.0
1744768689,83594.27,83623.07,0.0,0,1744768689742,6,0.0
1744768690,83593.93,83622.73,0.0,0,1744768690068,6,0.0
1744768690,83593.54,83622.34,0.0,0,1744768690195,6,0.0
1744768690,83593.34,83622.14,0.0,0,1744768690373,6,0.0
1744768690,83593.23,83622.03,0.0,0,1744768690489,6,0.0
1744768690,83593.21,83622.01,0.0,0,1744768690640,6,0.0
1744768690,83593.15,83621.95,0.0,0,1744768690763,6,0.0
1744768690,83593.16,83621.96,0.0,0,1744768690951,6,0.0
1744768691,83593.21,83622.01,0.0,0,1744768691201,6,0.0
1744768691,83593.17,83621.97,0.0,0,1744768691350,6,0.0
1744768691,83593.1,83621.9,0.0,0,1744768691474,6,0.0
1744768691,83593.17,83621.97,0.0,0,1744768691652,6,0.0
1744768692,83593.01,83621.81,0.0,0,1744768692112,6,0.0
1744768692,83593.03,83621.83,0.0,0,1744768692216,6,0.0
1744768692,83593.17,83621.97,0.0,0,1744768692359,6,0.0
1744768692,83593.15,83621.95,0.0,0,1744768692621,6,0.0
1744768692,83592.99,83621.79,0.0,0,1744768692879,6,0.0
1744768693,83593.17,83621.97,0.0,0,1744768693036,6,0.0
1744768693,83593.33,83622.13,0.0,0,1744768693331,6,0.0
1744768693,83593.23,83622.03,0.0,0,1744768693432,6,0.0
1744768693,83593.24,83622.04,0.0,0,1744768693628,6,0.0
1744768693,83593.3,83622.1,0.0,0,1744768693876,6,0.0
1744768694,83593.45,83622.25,0.0,0,1744768694122,6,0.0
1744768694,83593.44,83622.24,0.0,0,1744768694280,6,0.0
1744768694,83593.5,83622.3,0.0,0,1744768694498,6,0.0
1744768694,83593.43,83622.23,0.0,0,1744768694640,6,0.0
1744768694,83593.39,83622.19,0.0,0,1744768694757,6,0.0
1744768694,83593.28,83622.08,0.0,0,1744768694863,6,0.0
1744768695,83593.18,83621.98,0.0,0,1744768695016,6,0.0
1744768695,83593.1,83621.9,0.0,0,1744768695142,6,0.0
1744768695,83593.02,83621.82,0.0,0,1744768695330,6,0.0
1744768695,83593.17,83621.97,0.0,0,1744768695455,6,0.0
1744768695,83592.99,83621.79,0.0,0,1744768695690,6,0.0
1744768695,83592.84,83621.64,0.0,0,1744768695963,6,0.0
1744768696,83592.87,83621.67,0.0,0,1744768696099,6,0.0
1744768696,83592.98,83621.78,0.0,0,1744768696255,6,0.0
1744768696,83592.99,83621.79,0.0,0,1744768696399,6,0.0
1744768696,83593.01,83621.81,0.0,0,1744768696595,6,0.0
1744768696,83593.13,83621.93,0.0,0,1744768696780,6,0.0
1744768696,83593.07,83621.87,0.0,0,1744768696995,6,0.0
1744768697,83593.2,83622.0,0.0,0,1744768697107,6,0.0
1744768697,83593.32,83622.12,0.0,0,1744768697266,6,0.0
1744768697,83593.23,83622.03,0.0,0,1744768697403,6,0.0
1744768697,83593.26,83622.06,0.0,0,1744768697515,6,0.0
1744768697,83593.19,83621.99,0.0,0,1744768697632,6,0.0
1744768697,83593.15,83621.95,0.0,0,1744768697745,6,0.0
1744768697,83593.11,83621.91,0.0,0,1744768697861,6,0.0
1744768698,83593.0,83621.8,0.0,0,1744768698002,6,0.0
1744768698,83592.98,83621.78,0.0,0,1744768698130,6,0.0
1744768698,83593.02,83621.82,0.0,0,1744768698239,6,0.0
1744768698,83593.21,83622.01,0.0,0,1744768698357,6,0.0
1744768698,83593.1,83621.9,0.0,0,1744768698487,6,0.0
1744768698,83593.05,83621.85,0.0,0,1744768698605,6,0.0
1744768698,83593.06,83621.86,0.0,0,1744768698780,6,0.0
1744768699,83593.12,83621.92,0.0,0,1744768699008,6,0.0
1744768699,83593.17,83621.97,0.0,0,1744768699224,6,0.0
1744768699,83593.14,83621.94,0.0,0,1744768699368,6,0.0
1744768699,83593.08,83621.88,0.0,0,1744768699472,6,0.0
1744768699,83593.06,83621.86,0.0,0,1744768699596,6,0.0
1744768699,83593.0,83621.8,0.0,0,1744768699863,6,0.0
1744768699,83592.95,83621.75,0.0,0,1744768699997,6,0.0
1744768700,83593.06,83621.86,0.0,0,1744768700228,6,0.0
1744768700,83593.08,83621.88,0.0,0,1744768700625,6,0.0
1744768700,83593.12,83621.92,0.0,0,1744768700869,6,0.0
1744768701,83593.44,83622.24,0.0,0,1744768701133,6,0.0
1744768701,83593.31,83622.11,0.0,0,1744768701237,6,0.0
1744768701,83596.91,83625.71,0.0,0,1744768701337,6,0.0
1744768701,83596.91,83625.72,0.0,0,1744768701635,4,0.0
1744768701,83597.72,83626.52,0.0,0,1744768701949,6,0.0
1744768703,83597.14,83625.94,0.0,0,1744768703702,6,0.0
1744768703,83601.62,83630.42,0.0,0,1744768703752,6,0.0
1744768703,83604.82,83633.62,0.0,0,1744768703803,6,0.0
1744768703,83606.93,83635.73,0.0,0,1744768703910,6,0.0
1744768704,83606.93,83635.74,0.0,0,1744768704521,4,0.0
1744768704,83606.94,83635.74,0.0,0,1744768704721,2,0.0
1744768705,83606.93,83635.73,0.0,0,1744768705621,6,0.0
1744768705,83606.46,83635.27,0.0,0,1744768705731,6,0.0
1744768705,83605.67,83634.47,0.0,0,1744768705849,6,0.0
1744768706,83604.74,83633.54,0.0,0,1744768706104,6,0.0
1744768706,83604.38,83633.18,0.0,0,1744768706259,6,0.0
1744768706,83604.41,83633.21,0.0,0,1744768706368,6,0.0
1744768706,83604.4,83633.2,0.0,0,1744768706560,6,0.0
1744768706,83604.47,83633.27,0.0,0,1744768706672,6,0.0
1744768706,83604.44,83633.24,0.0,0,1744768706807,6,0.0
1744768706,83604.37,83633.17,0.0,0,1744768706983,6,0.0
1744768707,83604.44,83633.24,0.0,0,1744768707142,6,0.0
1744768707,83604.48,83633.28,0.0,0,1744768707244,6,0.0
1744768707,83604.22,83633.02,0.0,0,1744768707504,6,0.0
1744768707,83604.16,83632.96,0.0,0,1744768707631,6,0.0
1744768707,83603.94,83632.74,0.0,0,1744768707782,6,0.0
1744768707,83603.77,83632.57,0.0,0,1744768707963,6,0.0
1744768708,83603.62,83632.42,0.0,0,1744768708129,6,0.0
1744768708,83603.5,83632.3,0.0,0,1744768708308,6,0.0
1744768708,83603.49,83632.29,0.0,0,1744768708471,6,0.0
1744768708,83603.32,83632.12,0.0,0,1744768708697,6,0.0
1744768708,83603.54,83632.34,0.0,0,1744768708836,6,0.0
1744768708,83603.45,83632.25,0.0,0,1744768708965,6,0.0
1744768709,83603.51,83632.31,0.0,0,1744768709085,6,0.0
1744768709,83603.6,83632.4,0.0,0,1744768709231,6,0.0
1744768709,83603.55,83632.35,0.0,0,1744768709389,6,0.0
1744768709,83603.49,83632.29,0.0,0,1744768709542,6,0.0
1744768709,83603.55,83632.35,0.0,0,1744768709659,6,0.0
1744768709,83603.62,83632.42,0.0,0,1744768709772,6,0.0
1744768709,83603.53,83632.33,0.0,0,1744768709942,6,0.0
1744768710,83603.49,83632.29,0.0,0,1744768710094,6,0.0
1744768710,83603.3,83632.1,0.0,0,1744768710322,6,0.0
1744768710,83603.42,83632.22,0.0,0,1744768710479,6,0.0
1744768710,83603.03,83631.83,0.0,0,1744768710756,6,0.0
1744768710,83603.09,83631.89,0.0,0,1744768710931,6,0.0
1744768711,83603.33,83632.13,0.0,0,1744768711034,6,0.0
1744768711,83603.32,83632.12,0.0,0,1744768711192,6,0.0
1744768711,83603.43,83632.23,0.0,0,1744768711321,6,0.0
1744768711,83603.35,83632.15,0.0,0,1744768711502,6,0.0
1744768711,83603.42,83632.22,0.0,0,1744768711636,6,0.0
1744768711,83603.73,83632.53,0.0,0,1744768711762,6,0.0
1744768711,83604.02,83632.82,0.0,0,1744768711911,6,0.0
1744768712,83604.11,83632.91,0.0,0,1744768712013,6,0.0
1744768712,83610.97,83639.77,0.0,0,1744768712063,6,0.0
1744768712,83611.07,83639.87,0.0,0,1744768712309,6,0.0
1744768713,83612.57,83641.37,0.0,0,1744768713016,6,0.0
1744768713,83614.86,83643.66,0.0,0,1744768713086,6,0.0
1744768713,83612.1,83640.9,0.0,0,1744768713266,6,0.0
1744768713,83611.79,83640.59,0.0,0,1744768713434,6,0.0
1744768713,83611.45,83640.25,0.0,0,1744768713563,6,0.0
1744768713,83614.86,83643.67,0.0,0,1744768713691,6,0.0
1744768713,83613.24,83642.04,0.0,0,1744768713827,6,0.0
1744768713,83614.86,83643.66,0.0,0,1744768713973,6,0.0
1744768714,83615.67,83644.47,0.0,0,1744768714075,6,0.0
1744768714,83615.37,83644.17,0.0,0,1744768714177,6,0.0
1744768714,83615.58,83644.38,0.0,0,1744768714279,6,0.0
1744768714,83618.88,83647.68,0.0,0,1744768714380,6,0.0
1744768714,83618.63,83647.43,0.0,0,1744768714506,6,0.0
1744768714,83618.64,83647.44,0.0,0,1744768714662,6,0.0
1744768714,83608.56,83637.36,0.0,0,1744768714775,6,0.0
1744768714,83608.3,83637.1,0.0,0,1744768714911,6,0.0
1744768715,83608.29,83637.09,0.0,0,1744768715019,6,0.0
1744768715,83608.28,83637.08,0.0,0,1744768715637,6,0.0
1744768716,83609.68,83638.48,0.0,0,1744768716086,6,0.0
1744768716,83608.8,83637.61,0.0,0,1744768716204,6,0.0
1744768716,83607.73,83636.53,0.0,0,1744768716317,6,0.0
1744768716,83615.9,83644.7,0.0,0,1744768716421,6,0.0
1744768716,83615.75,83644.55,0.0,0,1744768716601,6,0.0
1744768716,83615.72,83644.52,0.0,0,1744768716720,6,0.0
1744768716,83618.47,83647.27,0.0,0,1744768716830,6,0.0
1744768716,83620.24,83649.04,0.0,0,1744768716935,6,0.0
1744768717,83627.54,83656.34,0.0,0,1744768717051,6,0.0
1744768717,83625.97,83654.77,0.0,0,1744768717164,6,0.0
1744768717,83626.19,83654.99,0.0,0,1744768717324,6,0.0
1744768717,83626.56,83655.36,0.0,0,1744768717451,6,0.0
1744768717,83626.36,83655.16,0.0,0,1744768717588,6,0.0
1744768717,83627.43,83656.24,0.0,0,1744768717993,6,0.0
1744768718,83627.26,83656.06,0.0,0,1744768718128,6,0.0
1744768718,83615.58,83644.38,0.0,0,1744768718243,6,0.0
1744768718,83615.36,83644.16,0.0,0,1744768718350,6,0.0
1744768718,83614.91,83643.71,0.0,0,1744768718477,6,0.0
1744768718,83622.61,83651.41,0.0,0,1744768718694,6,0.0
1744768718,83625.63,83654.43,0.0,0,1744768718844,6,0.0
1744768718,83624.72,83653.52,0.0,0,1744768718969,6,0.0
1744768719,83624.95,83653.75,0.0,0,1744768719106,6,0.0
1744768719,83623.8,83652.6,0.0,0,1744768719279,6,0.0
1744768719,83624.28,83653.08,0.0,0,1744768719437,6,0.0
1744768719,83620.73,83649.53,0.0,0,1744768719747,6,0.0
1744768719,83620.72,83649.52,0.0,0,1744768719944,6,0.0
1744768720,83621.07,83649.87,0.0,0,1744768720131,6,0.0
1744768720,83621.23,83650.03,0.0,0,1744768720261,6,0.0
1744768720,83621.53,83650.33,0.0,0,1744768720414,6,0.0
1744768720,83626.42,83655.22,0.0,0,1744768720518,6,0.0
1744768720,83626.86,83655.66,0.0,0,1744768720678,6,0.0
1744768720,83630.16,83658.96,0.0,0,1744768720828,6,0.0
1744768720,83629.94,83658.74,0.0,0,1744768720950,6,0.0
1744768721,83630.07,83658.87,0.0,0,1744768721055,6,0.0
1744768721,83629.7,83658.5,0.0,0,1744768721198,6,0.0
1744768721,83630.0,83658.8,0.0,0,1744768721329,6,0.0
1744768721,83630.24,83659.04,0.0,0,1744768721589,6,0.0
1744768721,83630.57,83659.37,0.0,0,1744768721758,6,0.0
1744768721,83630.52,83659.32,0.0,0,1744768721898,6,0.0
1744768722,83630.92,83659.72,0.0,0,1744768722207,6,0.0
1744768722,83631.82,83660.63,0.0,0,1744768722349,6,0.0
1744768722,83631.86,83660.66,0.0,0,1744768722491,6,0.0
1744768722,83631.7,83660.5,0.0,0,1744768722802,6,0.0
1744768722,83632.02,83660.82,0.0,0,1744768722922,6,0.0
1744768723,83632.45,83661.25,0.0,0,1744768723049,6,0.0
1744768723,83637.96,83666.77,0.0,0,1744768723211,6,0.0
1744768723,83639.64,83668.44,0.0,0,1744768723264,6,0.0
1744768723,83637.66,83666.46,0.0,0,1744768723367,6,0.0
1744768723,83638.25,83667.05,0.0,0,1744768723481,6,0.0
1744768723,83638.19,83666.99,0.0,0,1744768723632,6,0.0
1744768723,83639.99,83668.79,0.0,0,1744768723786,6,0.0
1744768724,83637.99,83666.79,0.0,0,1744768724037,6,0.0
1744768724,83638.31,83667.11,0.0,0,1744768724154,6,0.0
1744768724,83638.23,83667.03,0.0,0,1744768724269,6,0.0
1744768724,83638.36,83667.16,0.0,0,1744768724430,6,0.0
1744768724,83638.94,83667.75,0.0,0,1744768724550,6,0.0
1744768724,83638.01,83666.81,0.0,0,1744768724699,6,0.0
1744768724,83641.26,83670.06,0.0,0,1744768724835,6,0.0
1744768725,83639.54,83668.34,0.0,0,1744768725095,6,0.0
1744768725,83638.65,83667.45,0.0,0,1744768725199,6,0.0
1744768725,83637.89,83666.69,0.0,0,1744768725305,6,0.0
1744768725,83638.2,83667.0,0.0,0,1744768725470,6,0.0
1744768725,83641.94,83670.74,0.0,0,1744768725614,6,0.0
1744768725,83640.37,83669.18,0.0,0,1744768725727,6,0.0
1744768725,83640.09,83668.89,0.0,0,1744768725839,6,0.0
1744768725,83640.5,83669.3,0.0,0,1744768725979,6,0.0
1744768726,83641.29,83670.09,0.0,0,1744768726094,6,0.0
1744768726,83642.21,83671.01,0.0,0,1744768726239,6,0.0
1744768726,83642.8,83671.61,0.0,0,1744768726361,6,0.0
1744768726,83642.81,83671.62,0.0,0,1744768726469,6,0.0
1744768726,83643.26,83672.06,0.0,0,1744768726610,6,0.0
1744768726,83645.46,83674.26,0.0,0,1744768726835,6,0.0
1744768726,83646.26,83675.06,0.0,0,1744768726999,6,0.0
1744768727,83647.35,83676.15,0.0,0,1744768727107,6,0.0
1744768727,83647.87,83676.67,0.0,0,1744768727231,6,0.0
1744768727,83650.96,83679.76,0.0,0,1744768727341,6,0.0
1744768727,83651.47,83680.27,0.0,0,1744768727498,6,0.0
1744768727,83650.23,83679.03,0.0,0,1744768727629,6,0.0
1744768727,83648.55,83677.35,0.0,0,1744768727786,6,0.0
1744768727,83651.17,83679.97,0.0,0,1744768727922,6,0.0
1744768728,83651.47,83680.27,0.0,0,1744768728055,6,0.0
1744768728,83651.48,83680.28,0.0,0,1744768728209,6,0.0
1744768728,83651.04,83679.84,0.0,0,1744768728430,6,0.0
1744768728,83651.45,83680.25,0.0,0,1744768728697,6,0.0
1744768728,83651.49,83680.29,0.0,0,1744768728814,6,0.0
1744768728,83650.46,83679.27,0.0,0,1744768728953,6,0.0
1744768729,83650.64,83679.44,0.0,0,1744768729228,6,0.0
1744768729,83649.77,83678.57,0.0,0,1744768729356,6,0.0
1744768729,83648.83,83677.63,0.0,0,1744768729479,6,0.0
1744768729,83649.89,83678.69,0.0,0,1744768729723,6,0.0
1744768729,83651.02,83679.83,0.0,0,1744768729872,6,0.0
1744768730,83651.0,83679.8,0.0,0,1744768730002,6,0.0
1744768730,83650.75,83679.55,0.0,0,1744768730132,6,0.0
1744768730,83647.48,83676.28,0.0,0,1744768730303,6,0.0
1744768730,83647.31,83676.11,0.0,0,1744768730419,6,0.0
1744768730,83647.21,83676.01,0.0,0,1744768730548,6,0.0
1744768730,83650.52,83679.32,0.0,0,1744768730682,6,0.0
1744768730,83650.6,83679.4,0.0,0,1744768730807,6,0.0
1744768730,83649.85,83678.65,0.0,0,1744768730929,6,0.0
1744768731,83649.92,83678.72,0.0,0,1744768731035,6,0.0
1744768731,83648.55,83677.35,0.0,0,1744768731169,6,0.0
1744768731,83648.23,83677.03,0.0,0,1744768731274,6,0.0
1744768731,83647.29,83676.09,0.0,0,1744768731448,6,0.0
1744768731,83647.73,83676.53,0.0,0,1744768731828,6,0.0
1744768732,83647.56,83676.36,0.0,0,1744768732012,6,0.0
1744768732,83648.74,83677.54,0.0,0,1744768732185,6,0.0
1744768732,83647.88,83676.68,0.0,0,1744768732346,6,0.0
1744768732,83647.24,83676.04,0.0,0,1744768732467,6,0.0
1744768732,83647.05,83675.86,0.0,0,1744768732609,6,0.0
1744768732,83646.98,83675.78,0.0,0,1744768732720,6,0.0
1744768732,83646.59,83675.39,0.0,0,1744768732839,6,0.0
1744768732,83646.0,83674.8,0.0,0,1744768732958,6,0.0
1744768733,83646.62,83675.42,0.0,0,1744768733120,6,0.0
1744768733,83645.58,83674.39,0.0,0,1744768733331,6,0.0
1744768733,83645.27,83674.07,0.0,0,1744768733460,6,0.0
1744768733,83646.2,83675.0,0.0,0,1744768733591,6,0.0
1744768733,83646.66,83675.46,0.0,0,1744768733734,6,0.0
1744768733,83646.7,83675.5,0.0,0,1744768733864,6,0.0
1744768733,83645.78,83674.58,0.0,0,1744768733986,6,0.0
1744768734,83646.65,83675.45,0.0,0,1744768734105,6,0.0
1744768734,83642.57,83671.37,0.0,0,1744768734256,6,0.0
1744768734,83642.45,83671.25,0.0,0,1744768734367,6,0.0
1744768734,83641.43,83670.23,0.0,0,1744768734484,6,0.0
1744768734,83641.99,83670.79,0.0,0,1744768734662,6,0.0
1744768734,83642.06,83670.86,0.0,0,1744768734785,6,0.0
1744768734,83642.37,83671.17,0.0,0,1744768734982,6,0.0
1744768735,83643.1,83671.9,0.0,0,1744768735119,6,0.0
1744768735,83642.94,83671.74,0.0,0,1744768735250,6,0.0
1744768735,83641.49,83670.29,0.0,0,1744768735366,6,0.0
1744768735,83641.92,83670.72,0.0,0,1744768735466,6,0.0
1744768735,83644.91,83673.71,0.0,0,1744768735715,6,0.0
1744768735,83643.12,83671.92,0.0,0,1744768735823,6,0.0
1744768736,83642.59,83671.4,0.0,0,1744768736014,6,0.0
1744768736,83636.96,83665.76,0.0,0,1744768736117,6,0.0
1744768736,83629.19,83657.99,0.0,0,1744768736167,6,0.0
1744768736,83626.06,83654.86,0.0,0,1744768736222,6,0.0
1744768736,83624.52,83653.32,0.0,0,1744768736351,6,0.0
1744768736,83624.23,83653.03,0.0,0,1744768736453,6,0.0
1744768736,83621.14,83649.94,0.0,0,1744768736555,6,0.0
1744768736,83620.45,83649.25,0.0,0,1744768736657,6,0.0
1744768736,83618.05,83646.85,0.0,0,1744768736713,6,0.0
1744768736,83612.92,83641.72,0.0,0,1744768736764,6,0.0
1744768736,83612.98,83641.78,0.0,0,1744768736880,6,0.0
1744768736,83613.12,83641.92,0.0,0,1744768736983,6,0.0
1744768737,83613.74,83642.54,0.0,0,1744768737086,6,0.0
1744768737,83616.28,83645.08,0.0,0,1744768737237,6,0.0
1744768737,83616.72,83645.52,0.0,0,1744768737340,6,0.0
1744768737,83617.58,83646.38,0.0,0,1744768737459,6,0.0
1744768737,83617.8,83646.6,0.0,0,1744768737587,6,0.0
1744768737,83618.07,83646.87,0.0,0,1744768737736,6,0.0
1744768737,83617.0,83645.8,0.0,0,1744768737899,6,0.0
1744768738,83616.96,83645.76,0.0,0,1744768738014,6,0.0
1744768738,83614.34,83643.14,0.0,0,1744768738118,6,0.0
1744768738,83614.08,83642.88,0.0,0,1744768738359,6,0.0
1744768738,83609.93,83638.73,0.0,0,1744768738410,6,0.0
1744768738,83609.06,83637.86,0.0,0,1744768738519,6,0.0
1744768738,83609.45,83638.25,0.0,0,1744768738646,6,0.0
1744768738,83609.97,83638.77,0.0,0,1744768738764,6,0.0
1744768738,83610.61,83639.41,0.0,0,1744768738868,6,0.0
1744768739,83610.36,83639.16,0.0,0,1744768739001,6,0.0
1744768739,83609.95,83638.75,0.0,0,1744768739197,6,0.0
1744768739,83608.52,83637.32,0.0,0,1744768739333,6,0.0
1744768739,83609.13,83637.93,0.0,0,1744768739435,6,0.0
1744768739,83609.12,83637.92,0.0,0,1744768739664,6,0.0
1744768739,83609.35,83638.15,0.0,0,1744768739765,6,0.0
1744768740,83609.35,83638.15,0.0,0,1744768740052,2,0.0
1744768740,83609.32,83638.12,0.0,0,1744768740316,6,0.0
1744768740,83609.08,83637.88,0.0,0,1744768740440,6,0.0
1744768740,83609.35,83638.15,0.0,0,1744768740589,6,0.0
1744768740,83610.05,83638.85,0.0,0,1744768740699,6,0.0
1744768740,83612.25,83641.05,0.0,0,1744768740935,6,0.0
1744768741,83613.21,83642.01,0.0,0,1744768741137,6,0.0
1744768741,83614.75,83643.55,0.0,0,1744768741388,6,0.0
1744768741,83614.76,83643.56,0.0,0,1744768741508,6,0.0
1744768741,83607.89,83636.69,0.0,0,1744768741560,6,0.0
1744768741,83600.28,83629.08,0.0,0,1744768741663,6,0.0
1744768741,83602.07,83630.87,0.0,0,1744768741780,6,0.0
1744768741,83604.43,83633.23,0.0,0,1744768741922,6,0.0
1744768742,83604.28,83633.08,0.0,0,1744768742063,6,0.0
1744768742,83605.04,83633.84,0.0,0,1744768742176,6,0.0
1744768743,83605.03,83633.83,0.0,0,1744768743154,6,0.0
1744768743,83602.33,83631.13,0.0,0,1744768743478,6,0.0
1744768744,83609.84,83638.64,0.0,0,1744768744150,6,0.0
1744768744,83613.93,83642.73,0.0,0,1744768744433,6,0.0
1744768744,83618.14,83646.94,0.0,0,1744768744534,6,0.0
1744768744,83609.23,83638.03,0.0,0,1744768744695,6,0.0
1744768745,83605.44,83634.24,0.0,0,1744768745289,6,0.0
1744768746,83605.45,83634.25,0.0,0,1744768746283,6,0.0
1744768746,83606.1,83634.9,0.0,0,1744768746806,6,0.0
1744768746,83606.8,83635.6,0.0,0,1744768746957,6,0.0
1744768747,83607.22,83636.02,0.0,0,1744768747102,6,0.0
1744768747,83607.49,83636.29,0.0,0,1744768747224,6,0.0
1744768747,83607.6,83636.4,0.0,0,1744768747329,6,0.0
1744768747,83607.67,83636.47,0.0,0,1744768747459,6,0.0
1744768747,83607.59,83636.39,0.0,0,1744768747610,6,0.0
1744768747,83607.55,83636.35,0.0,0,1744768747743,6,0.0
1744768748,83607.49,83636.29,0.0,0,1744768748150,6,0.0
1744768748,83607.64,83636.44,0.0,0,1744768748431,6,0.0
1744768748,83607.74,83636.54,0.0,0,1744768748545,6,0.0
1744768748,83607.79,83636.59,0.0,0,1744768748689,6,0.0
1744768748,83607.73,83636.53,0.0,0,1744768748913,6,0.0
1744768749,83607.77,83636.57,0.0,0,1744768749045,6,0.0
1744768749,83607.74,83636.54,0.0,0,1744768749197,6,0.0
1744768749,83607.9,83636.7,0.0,0,1744768749356,6,0.0
1744768749,83608.04,83636.84,0.0,0,1744768749487,6,0.0
1744768749,83608.11,83636.91,0.0,0,1744768749598,6,0.0
1744768749,83607.88,83636.68,0.0,0,1744768749777,6,0.0
1744768750,83607.61,83636.41,0.0,0,1744768750140,6,0.0
