time,bid,ask,last,volume,time_msc,flags,volume_real
1738210201,161.055,161.073,0.0,0,1738210201947,134,0.0
1738210202,161.056,161.074,0.0,0,1738210202275,134,0.0
1738210202,161.055,161.073,0.0,0,1738210202277,134,0.0
1738210202,161.056,161.074,0.0,0,1738210202607,134,0.0
1738210202,161.055,161.073,0.0,0,1738210202632,134,0.0
1738210202,161.053,161.071,0.0,0,1738210202934,134,0.0
1738210203,161.053,161.07,0.0,0,1738210203267,4,0.0
1738210203,161.051,161.068,0.0,0,1738210203926,134,0.0
1738210204,161.048,161.065,0.0,0,1738210204256,134,0.0
1738210204,161.047,161.064,0.0,0,1738210204607,134,0.0
1738210204,161.048,161.065,0.0,0,1738210204914,134,0.0
1738210205,161.046,161.063,0.0,0,1738210205245,134,0.0
1738210206,161.052,161.069,0.0,0,1738210206236,134,0.0
1738210206,161.051,161.068,0.0,0,1738210206895,134,0.0
1738210208,161.049,161.066,0.0,0,1738210208216,134,0.0
1738210208,161.046,161.063,0.0,0,1738210208244,134,0.0
1738210208,161.045,161.062,0.0,0,1738210208549,134,0.0
1738210208,161.038,161.055,0.0,0,1738210208876,134,0.0
1738210209,161.039,161.057,0.0,0,1738210209204,134,0.0
1738210209,161.038,161.056,0.0,0,1738210209866,134,0.0
1738210210,161.037,161.055,0.0,0,1738210210195,134,0.0
1738210210,161.036,161.054,0.0,0,1738210210524,134,0.0
1738210211,161.036,161.053,0.0,0,1738210211185,4,0.0
1738210211,161.037,161.054,0.0,0,1738210211226,134,0.0
1738210212,161.038,161.055,0.0,0,1738210212175,134,0.0
1738210212,161.037,161.054,0.0,0,1738210212834,134,0.0
1738210213,161.038,161.055,0.0,0,1738210213166,134,0.0
1738210213,161.037,161.054,0.0,0,1738210213193,134,0.0
1738210213,161.038,161.055,0.0,0,1738210213824,134,0.0
1738210216,161.041,161.058,0.0,0,1738210216465,134,0.0
1738210217,161.043,161.059,0.0,0,1738210217126,134,0.0
1738210217,161.042,161.058,0.0,0,1738210217455,134,0.0
1738210217,161.043,161.059,0.0,0,1738210217802,134,0.0
1738210219,161.042,161.058,0.0,0,1738210219767,134,0.0
1738210219,161.043,161.059,0.0,0,1738210219774,134,0.0
1738210220,161.044,161.06,0.0,0,1738210220429,134,0.0
1738210220,161.043,161.059,0.0,0,1738210220756,134,0.0
1738210222,161.042,161.057,0.0,0,1738210222074,134,0.0
1738210222,161.043,161.058,0.0,0,1738210222452,134,0.0
1738210222,161.042,161.057,0.0,0,1738210222734,134,0.0
1738210223,161.041,161.056,0.0,0,1738210223065,134,0.0
1738210223,161.042,161.057,0.0,0,1738210223725,134,0.0
1738210223,161.041,161.056,0.0,0,1738210223768,134,0.0
1738210225,161.04,161.055,0.0,0,1738210225043,134,0.0
1738210225,161.041,161.056,0.0,0,1738210225080,134,0.0
1738210225,161.039,161.054,0.0,0,1738210225374,134,0.0
1738210225,161.041,161.056,0.0,0,1738210225384,134,0.0
1738210227,161.042,161.056,0.0,0,1738210227054,130,0.0
1738210228,161.043,161.057,0.0,0,1738210228369,134,0.0
1738210228,161.044,161.058,0.0,0,1738210228675,134,0.0
1738210229,161.043,161.057,0.0,0,1738210229005,134,0.0
1738210229,161.04,161.054,0.0,0,1738210229665,134,0.0
1738210229,161.041,161.055,0.0,0,1738210229682,134,0.0
1738210229,161.04,161.054,0.0,0,1738210229994,134,0.0
1738210230,161.041,161.055,0.0,0,1738210230036,134,0.0
1738210230,161.04,161.054,0.0,0,1738210230656,134,0.0
1738210230,161.041,161.055,0.0,0,1738210230693,134,0.0
1738210230,161.04,161.054,0.0,0,1738210230985,134,0.0
1738210231,161.042,161.056,0.0,0,1738210231976,134,0.0
1738210232,161.042,161.055,0.0,0,1738210232304,4,0.0
1738210232,161.041,161.054,0.0,0,1738210232966,134,0.0
1738210233,161.042,161.055,0.0,0,1738210233296,134,0.0
1738210233,161.041,161.054,0.0,0,1738210233324,134,0.0
1738210233,161.042,161.055,0.0,0,1738210233624,134,0.0
1738210234,161.04,161.053,0.0,0,1738210234285,134,0.0
1738210234,161.039,161.052,0.0,0,1738210234637,134,0.0
1738210236,161.041,161.054,0.0,0,1738210236305,134,0.0
1738210236,161.04,161.053,0.0,0,1738210236594,134,0.0
1738210237,161.041,161.054,0.0,0,1738210237918,134,0.0
1738210238,161.04,161.053,0.0,0,1738210238245,134,0.0
1738210239,161.041,161.054,0.0,0,1738210239238,134,0.0
1738210239,161.042,161.055,0.0,0,1738210239564,134,0.0
1738210240,161.04,161.053,0.0,0,1738210240225,134,0.0
1738210240,161.042,161.055,0.0,0,1738210240554,134,0.0
1738210241,161.041,161.054,0.0,0,1738210241258,134,0.0
1738210241,161.038,161.051,0.0,0,1738210241562,134,0.0
1738210242,161.039,161.052,0.0,0,1738210242533,134,0.0
1738210242,161.038,161.051,0.0,0,1738210242874,134,0.0
1738210243,161.039,161.052,0.0,0,1738210243197,134,0.0
1738210243,161.038,161.051,0.0,0,1738210243530,134,0.0
1738210244,161.039,161.052,0.0,0,1738210244514,134,0.0
1738210244,161.038,161.051,0.0,0,1738210244847,134,0.0
1738210246,161.037,161.05,0.0,0,1738210246164,134,0.0
1738210246,161.038,161.051,0.0,0,1738210246495,134,0.0
1738210246,161.03,161.043,0.0,0,1738210246515,134,0.0
1738210246,161.032,161.045,0.0,0,1738210246824,134,0.0
1738210246,161.033,161.046,0.0,0,1738210246869,134,0.0
1738210247,161.032,161.045,0.0,0,1738210247814,134,0.0
1738210247,161.031,161.044,0.0,0,1738210247832,134,0.0
1738210248,161.026,161.039,0.0,0,1738210248804,134,0.0
1738210248,161.025,161.038,0.0,0,1738210248844,134,0.0
1738210249,161.028,161.041,0.0,0,1738210249134,134,0.0
1738210249,161.029,161.042,0.0,0,1738210249465,134,0.0
1738210249,161.026,161.039,0.0,0,1738210249500,134,0.0
1738210249,161.025,161.038,0.0,0,1738210249794,134,0.0
1738210250,161.027,161.04,0.0,0,1738210250785,134,0.0
1738210251,161.026,161.039,0.0,0,1738210251120,134,0.0
1738210251,161.029,161.042,0.0,0,1738210251444,134,0.0
1738210251,161.027,161.04,0.0,0,1738210251775,134,0.0
1738210251,161.028,161.041,0.0,0,1738210251779,134,0.0
1738210252,161.03,161.043,0.0,0,1738210252104,134,0.0
1738210252,161.031,161.044,0.0,0,1738210252130,134,0.0
1738210252,161.032,161.045,0.0,0,1738210252434,134,0.0
1738210252,161.031,161.044,0.0,0,1738210252765,134,0.0
1738210253,161.03,161.043,0.0,0,1738210253092,134,0.0
1738210254,161.023,161.036,0.0,0,1738210254417,134,0.0
1738210254,161.024,161.037,0.0,0,1738210254745,134,0.0
1738210255,161.029,161.042,0.0,0,1738210255073,134,0.0
1738210255,161.03,161.043,0.0,0,1738210255112,134,0.0
1738210255,161.031,161.044,0.0,0,1738210255416,134,0.0
1738210255,161.03,161.043,0.0,0,1738210255737,134,0.0
1738210256,161.031,161.044,0.0,0,1738210256062,134,0.0
1738210258,161.032,161.045,0.0,0,1738210258092,134,0.0
1738210259,161.031,161.044,0.0,0,1738210259694,134,0.0
1738210260,161.031,161.044,0.0,0,1738210260027,130,0.0
1738210260,161.032,161.045,0.0,0,1738210260354,134,0.0
1738210261,161.031,161.044,0.0,0,1738210261016,134,0.0
1738210261,161.03,161.043,0.0,0,1738210261344,134,0.0
1738210262,161.031,161.044,0.0,0,1738210262334,134,0.0
1738210262,161.035,161.048,0.0,0,1738210262693,134,0.0
1738210262,161.029,161.042,0.0,0,1738210262996,134,0.0
1738210263,161.028,161.041,0.0,0,1738210263000,134,0.0
1738210263,161.027,161.04,0.0,0,1738210263655,134,0.0
1738210264,161.037,161.05,0.0,0,1738210264975,134,0.0
1738210265,161.038,161.051,0.0,0,1738210265020,134,0.0
1738210265,161.039,161.052,0.0,0,1738210265979,134,0.0
1738210266,161.036,161.049,0.0,0,1738210266296,134,0.0
1738210266,161.037,161.05,0.0,0,1738210266624,134,0.0
1738210266,161.036,161.049,0.0,0,1738210266955,134,0.0
1738210267,161.037,161.05,0.0,0,1738210267283,134,0.0
1738210267,161.036,161.049,0.0,0,1738210267615,134,0.0
1738210268,161.037,161.05,0.0,0,1738210268605,134,0.0
1738210269,161.038,161.051,0.0,0,1738210269595,134,0.0
1738210270,161.037,161.05,0.0,0,1738210270255,134,0.0
1738210270,161.038,161.051,0.0,0,1738210270586,134,0.0
1738210270,161.037,161.05,0.0,0,1738210270590,134,0.0
1738210270,161.038,161.051,0.0,0,1738210270915,134,0.0
1738210271,161.036,161.049,0.0,0,1738210271244,134,0.0
1738210271,161.037,161.05,0.0,0,1738210271906,134,0.0
1738210275,161.031,161.044,0.0,0,1738210275866,134,0.0
1738210275,161.032,161.045,0.0,0,1738210275898,134,0.0
1738210276,161.036,161.049,0.0,0,1738210276197,134,0.0
1738210277,161.034,161.047,0.0,0,1738210277182,134,0.0
1738210277,161.033,161.046,0.0,0,1738210277513,134,0.0
1738210279,161.032,161.045,0.0,0,1738210279162,134,0.0
1738210279,161.033,161.046,0.0,0,1738210279825,134,0.0
1738210281,161.032,161.045,0.0,0,1738210281804,134,0.0
1738210283,161.03,161.043,0.0,0,1738210283455,134,0.0
1738210284,161.029,161.042,0.0,0,1738210284114,134,0.0
1738210285,161.026,161.039,0.0,0,1738210285434,134,0.0
1738210285,161.029,161.042,0.0,0,1738210285766,134,0.0
1738210286,161.03,161.043,0.0,0,1738210286094,134,0.0
1738210287,161.029,161.042,0.0,0,1738210287414,134,0.0
1738210289,161.022,161.035,0.0,0,1738210289064,134,0.0
1738210289,161.017,161.03,0.0,0,1738210289107,134,0.0
1738210289,161.018,161.031,0.0,0,1738210289724,134,0.0
1738210290,161.017,161.03,0.0,0,1738210290071,134,0.0
1738210290,161.016,161.029,0.0,0,1738210290387,134,0.0
1738210291,161.017,161.03,0.0,0,1738210291375,134,0.0
1738210292,161.015,161.028,0.0,0,1738210292364,134,0.0
1738210297,161.012,161.025,0.0,0,1738210297644,134,0.0
1738210297,161.011,161.024,0.0,0,1738210297659,134,0.0
1738210298,161.012,161.025,0.0,0,1738210298015,134,0.0
1738210298,161.014,161.027,0.0,0,1738210298304,134,0.0
1738210298,161.015,161.028,0.0,0,1738210298317,134,0.0
1738210299,161.014,161.027,0.0,0,1738210299624,134,0.0
1738210299,161.009,161.022,0.0,0,1738210299954,134,0.0
1738210301,161.011,161.024,0.0,0,1738210301935,134,0.0
1738210302,161.012,161.025,0.0,0,1738210302962,134,0.0
1738210303,161.013,161.026,0.0,0,1738210303253,134,0.0
1738210303,161.014,161.027,0.0,0,1738210303584,134,0.0
1738210307,161.015,161.028,0.0,0,1738210307918,134,0.0
1738210309,161.014,161.027,0.0,0,1738210309193,134,0.0
1738210313,161.015,161.028,0.0,0,1738210313528,134,0.0
1738210313,161.014,161.027,0.0,0,1738210313814,134,0.0
1738210314,161.015,161.028,0.0,0,1738210314143,134,0.0
1738210314,161.019,161.032,0.0,0,1738210314188,134,0.0
1738210314,161.018,161.031,0.0,0,1738210314474,134,0.0
1738210316,161.015,161.028,0.0,0,1738210316122,134,0.0
1738210317,161.004,161.017,0.0,0,1738210317774,134,0.0
1738210317,161.003,161.016,0.0,0,1738210317778,134,0.0
1738210319,161.004,161.017,0.0,0,1738210319097,134,0.0
1738210320,161.004,161.017,0.0,0,1738210320087,130,0.0
1738210321,161.003,161.016,0.0,0,1738210321074,134,0.0
1738210323,161.015,161.028,0.0,0,1738210323054,134,0.0
1738210324,161.021,161.034,0.0,0,1738210324044,134,0.0
1738210324,161.011,161.024,0.0,0,1738210324374,134,0.0
1738210325,161.013,161.026,0.0,0,1738210325035,134,0.0
1738210325,161.012,161.025,0.0,0,1738210325694,134,0.0
1738210326,161.028,161.041,0.0,0,1738210326028,134,0.0
1738210326,161.033,161.046,0.0,0,1738210326354,134,0.0
1738210326,161.032,161.045,0.0,0,1738210326726,134,0.0
1738210327,161.033,161.046,0.0,0,1738210327015,134,0.0
1738210327,161.032,161.045,0.0,0,1738210327674,134,0.0
1738210328,161.033,161.046,0.0,0,1738210328334,134,0.0
1738210328,161.034,161.047,0.0,0,1738210328994,134,0.0
1738210338,161.031,161.044,0.0,0,1738210338235,134,0.0
1738210338,161.033,161.046,0.0,0,1738210338566,134,0.0
1738210338,161.037,161.05,0.0,0,1738210338896,134,0.0
1738210340,161.038,161.051,0.0,0,1738210340213,134,0.0
1738210340,161.037,161.05,0.0,0,1738210340875,134,0.0
1738210340,161.035,161.048,0.0,0,1738210340901,134,0.0
1738210341,161.036,161.049,0.0,0,1738210341207,134,0.0
1738210341,161.037,161.05,0.0,0,1738210341251,134,0.0
1738210342,161.042,161.055,0.0,0,1738210342525,134,0.0
1738210342,161.041,161.054,0.0,0,1738210342570,134,0.0
1738210342,161.043,161.056,0.0,0,1738210342854,134,0.0
1738210343,161.053,161.066,0.0,0,1738210343513,134,0.0
1738210343,161.052,161.065,0.0,0,1738210343527,134,0.0
1738210344,161.049,161.062,0.0,0,1738210344502,134,0.0
1738210345,161.048,161.061,0.0,0,1738210345496,134,0.0
1738210346,161.044,161.057,0.0,0,1738210346154,134,0.0
1738210346,161.046,161.059,0.0,0,1738210346485,134,0.0
1738210347,161.047,161.06,0.0,0,1738210347474,134,0.0
1738210348,161.049,161.062,0.0,0,1738210348465,134,0.0
1738210349,161.05,161.063,0.0,0,1738210349455,134,0.0
1738210349,161.053,161.066,0.0,0,1738210349787,134,0.0
1738210352,161.052,161.065,0.0,0,1738210352468,134,0.0
1738210353,161.058,161.071,0.0,0,1738210353413,134,0.0
1738210353,161.055,161.068,0.0,0,1738210353431,134,0.0
1738210353,161.051,161.064,0.0,0,1738210353745,134,0.0
1738210353,161.05,161.063,0.0,0,1738210353787,134,0.0
1738210359,161.049,161.062,0.0,0,1738210359683,134,0.0
1738210360,161.05,161.063,0.0,0,1738210360673,134,0.0
1738210361,161.051,161.064,0.0,0,1738210361003,134,0.0
1738210361,161.052,161.065,0.0,0,1738210361015,134,0.0
1738210361,161.053,161.066,0.0,0,1738210361337,134,0.0
1738210361,161.054,161.067,0.0,0,1738210361664,134,0.0
1738210361,161.057,161.07,0.0,0,1738210361672,134,0.0
1738210362,161.053,161.066,0.0,0,1738210362323,134,0.0
1738210362,161.052,161.065,0.0,0,1738210362655,134,0.0
1738210364,161.056,161.069,0.0,0,1738210364302,134,0.0
1738210364,161.058,161.071,0.0,0,1738210364962,134,0.0
1738210365,161.056,161.069,0.0,0,1738210365292,134,0.0
1738210366,161.058,161.071,0.0,0,1738210366616,134,0.0
1738210369,161.057,161.07,0.0,0,1738210369915,134,0.0
1738210375,161.054,161.067,0.0,0,1738210375191,134,0.0
1738210375,161.057,161.07,0.0,0,1738210375223,134,0.0
1738210375,161.058,161.071,0.0,0,1738210375889,134,0.0
1738210376,161.042,161.055,0.0,0,1738210376182,134,0.0
1738210376,161.049,161.062,0.0,0,1738210376190,134,0.0
1738210376,161.046,161.059,0.0,0,1738210376514,134,0.0
1738210377,161.047,161.06,0.0,0,1738210377833,134,0.0
1738210377,161.05,161.063,0.0,0,1738210377852,134,0.0
1738210378,161.051,161.064,0.0,0,1738210378162,134,0.0
1738210380,161.051,161.064,0.0,0,1738210380141,130,0.0
1738210380,161.05,161.063,0.0,0,1738210380474,134,0.0
1738210380,161.053,161.066,0.0,0,1738210380805,134,0.0
1738210381,161.052,161.065,0.0,0,1738210381464,134,0.0
1738210381,161.053,161.066,0.0,0,1738210381841,134,0.0
1738210383,161.052,161.065,0.0,0,1738210383112,134,0.0
1738210383,161.051,161.064,0.0,0,1738210383775,134,0.0
1738210383,161.049,161.062,0.0,0,1738210383816,134,0.0
1738210384,161.048,161.061,0.0,0,1738210384120,134,0.0
1738210384,161.049,161.062,0.0,0,1738210384763,134,0.0
1738210384,161.051,161.064,0.0,0,1738210384777,134,0.0
1738210385,161.052,161.065,0.0,0,1738210385424,134,0.0
1738210385,161.051,161.064,0.0,0,1738210385752,134,0.0
1738210386,161.048,161.061,0.0,0,1738210386084,134,0.0
1738210386,161.047,161.06,0.0,0,1738210386415,134,0.0
1738210388,161.049,161.062,0.0,0,1738210388723,134,0.0
1738210389,161.051,161.064,0.0,0,1738210389382,134,0.0
1738210389,161.05,161.063,0.0,0,1738210389431,134,0.0
1738210389,161.051,161.064,0.0,0,1738210389714,134,0.0
1738210390,161.052,161.065,0.0,0,1738210390703,134,0.0
1738210395,161.049,161.062,0.0,0,1738210395656,134,0.0
1738210395,161.048,161.061,0.0,0,1738210395697,134,0.0
1738210396,161.05,161.063,0.0,0,1738210396314,134,0.0
1738210397,161.049,161.062,0.0,0,1738210397969,134,0.0
1738210401,161.05,161.063,0.0,0,1738210401262,134,0.0
1738210401,161.049,161.062,0.0,0,1738210401923,134,0.0
1738210403,161.05,161.063,0.0,0,1738210403903,134,0.0
1738210405,161.049,161.062,0.0,0,1738210405554,134,0.0
1738210408,161.048,161.061,0.0,0,1738210408193,134,0.0
1738210408,161.049,161.062,0.0,0,1738210408524,134,0.0
1738210409,161.048,161.061,0.0,0,1738210409843,134,0.0
1738210410,161.049,161.062,0.0,0,1738210410173,134,0.0
1738210410,161.048,161.061,0.0,0,1738210410504,134,0.0
1738210411,161.046,161.059,0.0,0,1738210411161,134,0.0
1738210411,161.047,161.06,0.0,0,1738210411492,134,0.0
1738210411,161.048,161.061,0.0,0,1738210411821,134,0.0
1738210412,161.047,161.06,0.0,0,1738210412153,134,0.0
1738210412,161.051,161.064,0.0,0,1738210412812,134,0.0
1738210412,161.05,161.063,0.0,0,1738210412836,134,0.0
1738210413,161.049,161.062,0.0,0,1738210413472,134,0.0
1738210415,161.05,161.063,0.0,0,1738210415463,134,0.0
1738210418,161.049,161.062,0.0,0,1738210418752,134,0.0
1738210422,161.033,161.046,0.0,0,1738210422055,134,0.0
1738210422,161.034,161.047,0.0,0,1738210422083,134,0.0
1738210422,161.031,161.044,0.0,0,1738210422387,134,0.0
1738210422,161.035,161.048,0.0,0,1738210422715,134,0.0
1738210422,161.034,161.047,0.0,0,1738210422739,134,0.0
1738210423,161.035,161.048,0.0,0,1738210423046,134,0.0
1738210423,161.034,161.047,0.0,0,1738210423393,134,0.0
1738210423,161.035,161.048,0.0,0,1738210423704,134,0.0
1738210424,161.026,161.039,0.0,0,1738210424362,134,0.0
1738210424,161.034,161.047,0.0,0,1738210424406,134,0.0
1738210425,161.032,161.045,0.0,0,1738210425024,134,0.0
1738210425,161.033,161.046,0.0,0,1738210425064,134,0.0
1738210425,161.031,161.044,0.0,0,1738210425367,134,0.0
1738210425,161.027,161.04,0.0,0,1738210425684,134,0.0
1738210426,161.025,161.038,0.0,0,1738210426343,134,0.0
1738210427,161.026,161.039,0.0,0,1738210427034,134,0.0
1738210427,161.031,161.044,0.0,0,1738210427334,134,0.0
1738210427,161.03,161.043,0.0,0,1738210427342,134,0.0
1738210428,161.025,161.038,0.0,0,1738210428652,134,0.0
1738210429,161.024,161.037,0.0,0,1738210429313,134,0.0
1738210429,161.023,161.036,0.0,0,1738210429642,134,0.0
1738210430,161.024,161.037,0.0,0,1738210430304,134,0.0
1738210430,161.022,161.035,0.0,0,1738210430638,134,0.0
1738210430,161.023,161.036,0.0,0,1738210430963,134,0.0
1738210430,161.024,161.037,0.0,0,1738210430984,134,0.0
1738210431,161.023,161.036,0.0,0,1738210431292,134,0.0
1738210432,161.022,161.035,0.0,0,1738210432300,134,0.0
1738210432,161.019,161.032,0.0,0,1738210432613,134,0.0
1738210432,161.011,161.024,0.0,0,1738210432943,134,0.0
1738210433,161.01,161.023,0.0,0,1738210433603,134,0.0
1738210433,161.022,161.035,0.0,0,1738210433935,134,0.0
1738210433,161.024,161.037,0.0,0,1738210433968,134,0.0
1738210434,161.011,161.024,0.0,0,1738210434263,134,0.0
1738210434,161.01,161.023,0.0,0,1738210434595,134,0.0
1738210435,161.009,161.022,0.0,0,1738210435251,134,0.0
1738210435,161.011,161.024,0.0,0,1738210435282,134,0.0
1738210435,161.009,161.022,0.0,0,1738210435583,134,0.0
1738210436,161.01,161.023,0.0,0,1738210436242,134,0.0
1738210436,161.006,161.019,0.0,0,1738210436901,134,0.0
1738210436,161.009,161.022,0.0,0,1738210436951,134,0.0
1738210437,161.02,161.033,0.0,0,1738210437918,134,0.0
1738210438,161.012,161.025,0.0,0,1738210438221,134,0.0
1738210438,161.01,161.023,0.0,0,1738210438224,134,0.0
1738210438,161.009,161.022,0.0,0,1738210438551,134,0.0
1738210439,161.007,161.02,0.0,0,1738210439211,134,0.0
1738210439,161.009,161.022,0.0,0,1738210439233,134,0.0
1738210439,161.02,161.033,0.0,0,1738210439542,134,0.0
1738210439,161.009,161.022,0.0,0,1738210439874,134,0.0
1738210440,161.009,161.022,0.0,0,1738210440203,130,0.0
1738210440,161.012,161.025,0.0,0,1738210440533,134,0.0
1738210440,161.016,161.029,0.0,0,1738210440861,134,0.0
1738210440,161.027,161.04,0.0,0,1738210440899,134,0.0
1738210441,161.021,161.034,0.0,0,1738210441191,134,0.0
1738210441,161.015,161.028,0.0,0,1738210441205,134,0.0
1738210441,161.012,161.025,0.0,0,1738210441523,134,0.0
1738210441,161.007,161.02,0.0,0,1738210441852,134,0.0
1738210442,161.01,161.023,0.0,0,1738210442180,134,0.0
1738210442,161.015,161.028,0.0,0,1738210442513,134,0.0
1738210442,161.018,161.031,0.0,0,1738210442843,134,0.0
1738210442,161.024,161.037,0.0,0,1738210442873,134,0.0
1738210443,161.025,161.038,0.0,0,1738210443173,134,0.0
1738210443,161.017,161.03,0.0,0,1738210443504,134,0.0
1738210443,161.016,161.029,0.0,0,1738210443536,134,0.0
1738210443,161.017,161.03,0.0,0,1738210443832,134,0.0
1738210444,161.016,161.029,0.0,0,1738210444163,134,0.0
1738210444,161.009,161.022,0.0,0,1738210444822,134,0.0
1738210445,161.014,161.028,0.0,0,1738210445156,134,0.0
1738210446,161.015,161.029,0.0,0,1738210446142,134,0.0
1738210446,161.01,161.024,0.0,0,1738210446168,134,0.0
1738210446,161.005,161.019,0.0,0,1738210446476,134,0.0
1738210446,161.004,161.018,0.0,0,1738210446520,134,0.0
1738210446,161.006,161.02,0.0,0,1738210446804,134,0.0
1738210447,161.003,161.018,0.0,0,1738210447132,134,0.0
1738210447,161.007,161.022,0.0,0,1738210447793,134,0.0
1738210447,161.006,161.021,0.0,0,1738210447835,134,0.0
1738210449,161.005,161.02,0.0,0,1738210449441,134,0.0
1738210449,161.004,161.019,0.0,0,1738210449776,134,0.0
1738210450,161.006,161.02,0.0,0,1738210450104,134,0.0
1738210450,160.999,161.013,0.0,0,1738210450812,134,0.0
1738210451,160.998,161.012,0.0,0,1738210451094,134,0.0
1738210451,161.0,161.014,0.0,0,1738210451113,134,0.0
1738210451,161.001,161.015,0.0,0,1738210451423,134,0.0
1738210452,161.015,161.029,0.0,0,1738210452083,134,0.0
1738210452,161.007,161.021,0.0,0,1738210452129,134,0.0
1738210452,161.012,161.026,0.0,0,1738210452412,134,0.0
1738210452,160.988,161.002,0.0,0,1738210452747,134,0.0
1738210453,160.99,161.004,0.0,0,1738210453073,134,0.0
1738210453,160.994,161.008,0.0,0,1738210453402,134,0.0
1738210453,160.993,161.007,0.0,0,1738210453734,134,0.0
1738210453,161.001,161.015,0.0,0,1738210453744,134,0.0
1738210454,161.001,161.017,0.0,0,1738210454063,4,0.0
1738210454,160.996,161.012,0.0,0,1738210454392,134,0.0
1738210454,160.991,161.007,0.0,0,1738210454405,134,0.0
1738210454,160.996,161.012,0.0,0,1738210454722,134,0.0
1738210455,160.993,161.009,0.0,0,1738210455384,134,0.0
1738210455,160.991,161.007,0.0,0,1738210455713,134,0.0
1738210456,160.994,161.01,0.0,0,1738210456043,134,0.0
1738210456,160.995,161.011,0.0,0,1738210456375,134,0.0
1738210456,161.003,161.019,0.0,0,1738210456704,134,0.0
1738210457,160.998,161.014,0.0,0,1738210457035,134,0.0
1738210457,160.996,161.012,0.0,0,1738210457079,134,0.0
1738210457,160.994,161.01,0.0,0,1738210457362,134,0.0
1738210457,160.996,161.012,0.0,0,1738210457383,134,0.0
1738210457,160.994,161.01,0.0,0,1738210457693,134,0.0
1738210458,160.992,161.008,0.0,0,1738210458683,134,0.0
1738210458,160.995,161.011,0.0,0,1738210458701,134,0.0
1738210459,160.994,161.01,0.0,0,1738210459015,134,0.0
1738210459,161.008,161.024,0.0,0,1738210459673,134,0.0
1738210460,161.002,161.018,0.0,0,1738210460003,134,0.0
1738210460,161.0,161.015,0.0,0,1738210460334,134,0.0
1738210460,160.994,161.009,0.0,0,1738210460664,134,0.0
1738210460,160.998,161.013,0.0,0,1738210460993,134,0.0
1738210461,160.998,161.014,0.0,0,1738210461324,4,0.0
1738210461,160.997,161.013,0.0,0,1738210461685,134,0.0
1738210462,160.996,161.012,0.0,0,1738210462973,134,0.0
1738210463,160.997,161.012,0.0,0,1738210463300,130,0.0
1738210463,160.996,161.011,0.0,0,1738210463964,134,0.0
1738210464,161.008,161.023,0.0,0,1738210464291,134,0.0
1738210464,161.01,161.025,0.0,0,1738210464310,134,0.0
1738210464,160.999,161.014,0.0,0,1738210464622,134,0.0
1738210465,160.999,161.016,0.0,0,1738210465283,4,0.0
1738210465,161.001,161.018,0.0,0,1738210465626,134,0.0
1738210465,161.007,161.024,0.0,0,1738210465943,134,0.0
1738210465,161.009,161.026,0.0,0,1738210465979,134,0.0
1738210466,161.001,161.019,0.0,0,1738210466272,134,0.0
1738210466,161.0,161.018,0.0,0,1738210466603,134,0.0
1738210467,161.006,161.024,0.0,0,1738210467262,134,0.0
1738210467,161.01,161.028,0.0,0,1738210467293,134,0.0
1738210467,161.009,161.027,0.0,0,1738210467595,134,0.0
1738210467,161.006,161.024,0.0,0,1738210467922,134,0.0
1738210468,161.005,161.024,0.0,0,1738210468252,130,0.0
1738210468,161.002,161.021,0.0,0,1738210468253,134,0.0
1738210470,160.995,161.014,0.0,0,1738210470564,134,0.0
1738210470,160.996,161.015,0.0,0,1738210470583,134,0.0
1738210470,161.002,161.021,0.0,0,1738210470891,134,0.0
1738210471,161.003,161.021,0.0,0,1738210471223,130,0.0
1738210471,161.01,161.028,0.0,0,1738210471552,134,0.0
1738210471,161.004,161.022,0.0,0,1738210471886,134,0.0
1738210472,161.003,161.021,0.0,0,1738210472212,134,0.0
1738210472,160.996,161.014,0.0,0,1738210472542,134,0.0
1738210473,160.99,161.008,0.0,0,1738210473200,134,0.0
1738210473,160.994,161.012,0.0,0,1738210473534,134,0.0
1738210474,160.993,161.012,0.0,0,1738210474191,130,0.0
1738210474,161.005,161.024,0.0,0,1738210474523,134,0.0
1738210474,161.004,161.023,0.0,0,1738210474526,134,0.0
1738210474,160.995,161.014,0.0,0,1738210474853,134,0.0
1738210475,160.988,161.007,0.0,0,1738210475183,134,0.0
1738210476,160.987,161.008,0.0,0,1738210476172,134,0.0
1738210476,160.988,161.009,0.0,0,1738210476502,134,0.0
1738210477,160.989,161.009,0.0,0,1738210477162,130,0.0
1738210477,160.996,161.016,0.0,0,1738210477492,134,0.0
1738210478,160.997,161.017,0.0,0,1738210478485,134,0.0
1738210478,160.998,161.018,0.0,0,1738210478524,134,0.0
1738210479,160.997,161.018,0.0,0,1738210479143,130,0.0
1738210479,160.994,161.015,0.0,0,1738210479474,134,0.0
1738210479,160.992,161.013,0.0,0,1738210479488,134,0.0
1738210479,160.99,161.011,0.0,0,1738210479801,134,0.0
1738210480,160.99,161.01,0.0,0,1738210480133,4,0.0
1738210480,160.991,161.011,0.0,0,1738210480462,134,0.0
1738210481,160.99,161.011,0.0,0,1738210481123,130,0.0
1738210481,161.005,161.026,0.0,0,1738210481452,134,0.0
1738210481,160.999,161.02,0.0,0,1738210481457,134,0.0
1738210481,161.0,161.021,0.0,0,1738210481784,134,0.0
1738210482,161.001,161.021,0.0,0,1738210482114,130,0.0
1738210483,160.999,161.02,0.0,0,1738210483103,134,0.0
1738210483,160.995,161.016,0.0,0,1738210483783,134,0.0
1738210484,160.998,161.019,0.0,0,1738210484093,134,0.0
1738210484,160.999,161.02,0.0,0,1738210484422,134,0.0
1738210484,160.995,161.016,0.0,0,1738210484753,134,0.0
1738210485,160.997,161.018,0.0,0,1738210485082,134,0.0
1738210485,161.001,161.022,0.0,0,1738210485415,134,0.0
1738210486,161.002,161.022,0.0,0,1738210486072,130,0.0
1738210490,161.004,161.024,0.0,0,1738210490362,134,0.0
1738210491,161.005,161.025,0.0,0,1738210491027,134,0.0
1738210491,161.008,161.027,0.0,0,1738210491352,134,0.0
1738210492,161.009,161.028,0.0,0,1738210492011,134,0.0
1738210492,161.003,161.022,0.0,0,1738210492342,134,0.0
1738210492,161.008,161.027,0.0,0,1738210492672,134,0.0
1738210493,161.009,161.028,0.0,0,1738210493661,134,0.0
1738210493,161.003,161.022,0.0,0,1738210493990,134,0.0
1738210494,161.007,161.026,0.0,0,1738210494007,134,0.0
1738210494,161.003,161.022,0.0,0,1738210494323,134,0.0
1738210495,161.009,161.028,0.0,0,1738210495023,134,0.0
1738210495,161.004,161.023,0.0,0,1738210495642,134,0.0
1738210495,161.002,161.021,0.0,0,1738210495677,134,0.0
1738210495,160.989,161.008,0.0,0,1738210495973,134,0.0
1738210495,160.99,161.009,0.0,0,1738210495982,134,0.0
1738210496,160.992,161.012,0.0,0,1738210496303,134,0.0
1738210497,160.991,161.013,0.0,0,1738210497292,134,0.0
1738210498,160.991,161.012,0.0,0,1738210498282,4,0.0
1738210498,160.99,161.011,0.0,0,1738210498310,134,0.0
1738210498,160.989,161.01,0.0,0,1738210498612,134,0.0
1738210499,160.995,161.016,0.0,0,1738210499273,134,0.0
1738210500,160.995,161.016,0.0,0,1738210500262,130,0.0
1738210500,160.996,161.017,0.0,0,1738210500593,134,0.0
1738210500,160.993,161.014,0.0,0,1738210500923,134,0.0
1738210500,160.992,161.013,0.0,0,1738210500945,134,0.0
1738210501,160.986,161.007,0.0,0,1738210501251,134,0.0
1738210502,160.986,161.008,0.0,0,1738210502239,4,0.0
1738210502,160.995,161.017,0.0,0,1738210502572,134,0.0
1738210504,160.985,161.007,0.0,0,1738210504552,134,0.0
1738210504,160.984,161.006,0.0,0,1738210504578,134,0.0
1738210504,160.986,161.008,0.0,0,1738210504881,134,0.0
1738210505,160.993,161.015,0.0,0,1738210505541,134,0.0
1738210505,160.994,161.016,0.0,0,1738210505589,134,0.0
1738210506,160.995,161.017,0.0,0,1738210506203,134,0.0
1738210509,160.994,161.016,0.0,0,1738210509502,134,0.0
1738210510,160.996,161.018,0.0,0,1738210510495,134,0.0
1738210511,160.995,161.017,0.0,0,1738210511504,134,0.0
1738210511,160.989,161.011,0.0,0,1738210511812,134,0.0
1738210511,160.993,161.015,0.0,0,1738210511856,134,0.0
1738210512,160.993,161.014,0.0,0,1738210512144,4,0.0
1738210512,160.988,161.009,0.0,0,1738210512475,134,0.0
1738210513,160.996,161.018,0.0,0,1738210513133,134,0.0
1738210517,160.994,161.015,0.0,0,1738210517093,134,0.0
1738210518,160.99,161.011,0.0,0,1738210518412,134,0.0
1738210518,160.991,161.012,0.0,0,1738210518438,134,0.0
1738210518,160.985,161.006,0.0,0,1738210518745,134,0.0
1738210519,160.98,161.001,0.0,0,1738210519073,134,0.0
1738210520,160.987,161.009,0.0,0,1738210520062,134,0.0
1738210520,160.986,161.008,0.0,0,1738210520393,134,0.0
1738210521,160.982,161.004,0.0,0,1738210521712,134,0.0
1738210522,160.981,161.003,0.0,0,1738210522373,134,0.0
1738210522,160.982,161.004,0.0,0,1738210522700,134,0.0
1738210523,160.98,161.002,0.0,0,1738210523692,134,0.0
1738210524,160.98,161.001,0.0,0,1738210524046,4,0.0
1738210524,160.985,161.006,0.0,0,1738210524681,134,0.0
1738210525,160.987,161.008,0.0,0,1738210525012,134,0.0
1738210525,160.988,161.009,0.0,0,1738210525057,134,0.0
1738210526,160.988,161.01,0.0,0,1738210526331,4,0.0
1738210527,160.988,161.009,0.0,0,1738210527029,4,0.0
1738210528,160.989,161.01,0.0,0,1738210528312,134,0.0
1738210529,160.988,161.009,0.0,0,1738210529301,134,0.0
1738210529,160.989,161.01,0.0,0,1738210529963,134,0.0
1738210531,160.988,161.009,0.0,0,1738210531287,134,0.0
1738210531,160.987,161.008,0.0,0,1738210531611,134,0.0
1738210532,160.988,161.008,0.0,0,1738210532272,130,0.0
1738210537,160.989,161.008,0.0,0,1738210537222,130,0.0
1738210537,160.988,161.007,0.0,0,1738210537254,134,0.0
1738210537,160.979,160.998,0.0,0,1738210537551,134,0.0
1738210538,160.981,161.001,0.0,0,1738210538211,134,0.0
1738210538,160.989,161.009,0.0,0,1738210538541,134,0.0
1738210541,160.988,161.008,0.0,0,1738210541182,134,0.0
1738210541,160.987,161.007,0.0,0,1738210541550,134,0.0
1738210541,160.988,161.008,0.0,0,1738210541851,134,0.0
1738210542,160.986,161.006,0.0,0,1738210542170,134,0.0
1738210542,160.98,161.0,0.0,0,1738210542501,134,0.0
1738210542,160.983,161.003,0.0,0,1738210542833,134,0.0
1738210547,160.983,161.002,0.0,0,1738210547122,4,0.0
1738210549,160.987,161.006,0.0,0,1738210549762,134,0.0
1738210549,160.988,161.007,0.0,0,1738210549790,134,0.0
1738210550,161.007,161.026,0.0,0,1738210550092,134,0.0
1738210550,161.008,161.027,0.0,0,1738210550096,134,0.0
1738210550,160.999,161.018,0.0,0,1738210550422,134,0.0
1738210550,160.998,161.017,0.0,0,1738210550753,134,0.0
1738210551,160.996,161.017,0.0,0,1738210551083,130,0.0
1738210551,161.003,161.024,0.0,0,1738210551459,134,0.0
1738210552,161.005,161.026,0.0,0,1738210552730,134,0.0
1738210554,161.002,161.023,0.0,0,1738210554739,134,0.0
1738210555,160.996,161.017,0.0,0,1738210555043,134,0.0
1738210555,160.996,161.016,0.0,0,1738210555044,4,0.0
1738210555,160.999,161.019,0.0,0,1738210555372,134,0.0
1738210555,161.0,161.02,0.0,0,1738210555394,134,0.0
1738210555,160.999,161.019,0.0,0,1738210555701,134,0.0
1738210556,160.998,161.019,0.0,0,1738210556052,130,0.0
1738210557,160.999,161.019,0.0,0,1738210557062,130,0.0
1738210558,161.005,161.025,0.0,0,1738210558012,134,0.0
1738210558,161.004,161.024,0.0,0,1738210558343,134,0.0
1738210559,161.005,161.025,0.0,0,1738210559002,134,0.0
1738210559,161.004,161.024,0.0,0,1738210559331,134,0.0
1738210559,161.003,161.023,0.0,0,1738210559334,134,0.0
1738210559,161.004,161.024,0.0,0,1738210559661,134,0.0
1738210560,161.004,161.024,0.0,0,1738210560321,130,0.0
1738210560,161.002,161.022,0.0,0,1738210560654,134,0.0
1738210560,161.001,161.021,0.0,0,1738210560656,134,0.0
1738210561,161.002,161.022,0.0,0,1738210561310,134,0.0
1738210562,161.003,161.022,0.0,0,1738210562301,130,0.0
1738210564,161.004,161.023,0.0,0,1738210564651,134,0.0
1738210564,161.006,161.025,0.0,0,1738210564955,134,0.0
1738210565,161.004,161.023,0.0,0,1738210565610,134,0.0
1738210565,161.003,161.022,0.0,0,1738210565932,134,0.0
1738210565,161.004,161.023,0.0,0,1738210565964,134,0.0
1738210566,161.001,161.02,0.0,0,1738210566261,134,0.0
1738210567,161.002,161.021,0.0,0,1738210567251,134,0.0
1738210567,161.004,161.023,0.0,0,1738210567912,134,0.0
1738210568,161.005,161.023,0.0,0,1738210568240,130,0.0
1738210568,160.994,161.012,0.0,0,1738210568573,134,0.0
1738210568,160.993,161.011,0.0,0,1738210568902,134,0.0
1738210569,160.992,161.011,0.0,0,1738210569230,130,0.0
1738210569,160.982,161.001,0.0,0,1738210569256,134,0.0
1738210569,160.985,161.004,0.0,0,1738210569563,134,0.0
1738210569,160.986,161.005,0.0,0,1738210569565,134,0.0
1738210570,160.985,161.004,0.0,0,1738210570881,134,0.0
1738210570,160.986,161.005,0.0,0,1738210570924,134,0.0
1738210571,160.988,161.007,0.0,0,1738210571213,134,0.0
1738210572,160.987,161.006,0.0,0,1738210572243,134,0.0
1738210572,160.984,161.003,0.0,0,1738210572531,134,0.0
1738210573,160.986,161.005,0.0,0,1738210573523,134,0.0
1738210574,160.985,161.004,0.0,0,1738210574182,134,0.0
1738210575,160.986,161.004,0.0,0,1738210575171,130,0.0
1738210576,160.988,161.006,0.0,0,1738210576821,134,0.0
1738210577,160.989,161.007,0.0,0,1738210577813,134,0.0
1738210578,160.99,161.008,0.0,0,1738210578162,134,0.0
1738210578,160.989,161.007,0.0,0,1738210578802,134,0.0
1738210579,160.989,161.006,0.0,0,1738210579131,4,0.0
1738210579,161.006,161.023,0.0,0,1738210579173,134,0.0
1738210579,161.001,161.018,0.0,0,1738210579463,134,0.0
1738210579,161.0,161.017,0.0,0,1738210579830,134,0.0
1738210580,160.998,161.017,0.0,0,1738210580123,130,0.0
1738210581,160.998,161.016,0.0,0,1738210581111,4,0.0
1738210581,161.003,161.021,0.0,0,1738210581146,134,0.0
1738210581,161.006,161.024,0.0,0,1738210581449,134,0.0
1738210581,161.005,161.023,0.0,0,1738210581771,134,0.0
1738210582,161.004,161.023,0.0,0,1738210582106,130,0.0
1738210582,160.998,161.017,0.0,0,1738210582108,134,0.0
1738210582,161.004,161.023,0.0,0,1738210582433,134,0.0
1738210582,160.994,161.013,0.0,0,1738210582761,134,0.0
1738210583,160.996,161.014,0.0,0,1738210583091,134,0.0
1738210583,160.997,161.015,0.0,0,1738210583421,134,0.0
1738210584,160.996,161.015,0.0,0,1738210584083,130,0.0
1738210584,160.999,161.018,0.0,0,1738210584128,134,0.0
1738210584,160.998,161.017,0.0,0,1738210584411,134,0.0
1738210584,160.997,161.016,0.0,0,1738210584432,134,0.0
1738210585,160.998,161.017,0.0,0,1738210585072,134,0.0
1738210586,160.999,161.017,0.0,0,1738210586060,130,0.0
1738210586,160.998,161.016,0.0,0,1738210586391,134,0.0
1738210587,160.997,161.015,0.0,0,1738210587381,134,0.0
1738210588,160.998,161.016,0.0,0,1738210588040,134,0.0
1738210588,160.995,161.013,0.0,0,1738210588382,134,0.0
1738210588,160.993,161.011,0.0,0,1738210588702,134,0.0
1738210590,160.983,161.001,0.0,0,1738210590024,134,0.0
1738210590,160.984,161.002,0.0,0,1738210590353,134,0.0
1738210590,160.985,161.003,0.0,0,1738210590681,134,0.0
1738210591,160.984,161.002,0.0,0,1738210591013,134,0.0
1738210591,160.986,161.004,0.0,0,1738210591341,134,0.0
1738210591,160.982,161.0,0.0,0,1738210591673,134,0.0
1738210592,160.98,160.998,0.0,0,1738210592331,134,0.0
1738210592,160.981,160.999,0.0,0,1738210592680,134,0.0
1738210593,160.973,160.991,0.0,0,1738210593653,134,0.0
1738210594,160.974,160.992,0.0,0,1738210594309,134,0.0
1738210594,160.973,160.991,0.0,0,1738210594351,134,0.0
1738210595,160.971,160.989,0.0,0,1738210595301,134,0.0
1738210595,160.97,160.988,0.0,0,1738210595309,134,0.0
1738210595,160.969,160.987,0.0,0,1738210595631,134,0.0
1738210596,160.97,160.987,0.0,0,1738210596288,130,0.0
1738210596,160.972,160.989,0.0,0,1738210596320,134,0.0
1738210599,160.971,160.988,0.0,0,1738210599609,134,0.0
1738210599,160.97,160.987,0.0,0,1738210599919,134,0.0
1738210599,160.971,160.988,0.0,0,1738210599961,134,0.0
1738210600,160.972,160.988,0.0,0,1738210600250,130,0.0
1738210603,160.972,160.987,0.0,0,1738210603220,4,0.0
1738210605,160.971,160.986,0.0,0,1738210605203,134,0.0
1738210605,160.978,160.993,0.0,0,1738210605531,134,0.0
1738210605,160.976,160.991,0.0,0,1738210605860,134,0.0
1738210606,160.977,160.992,0.0,0,1738210606189,134,0.0
1738210608,160.978,160.992,0.0,0,1738210608171,130,0.0
1738210608,160.982,160.996,0.0,0,1738210608832,134,0.0
1738210609,160.983,160.997,0.0,0,1738210609160,134,0.0
1738210609,160.989,161.003,0.0,0,1738210609491,134,0.0
1738210609,160.988,161.002,0.0,0,1738210609521,134,0.0
1738210610,160.988,161.005,0.0,0,1738210610150,4,0.0
1738210610,160.987,161.004,0.0,0,1738210610811,134,0.0
1738210611,160.988,161.003,0.0,0,1738210611140,134,0.0
1738210612,160.99,161.005,0.0,0,1738210612463,134,0.0
1738210612,160.988,161.003,0.0,0,1738210612510,134,0.0
1738210612,160.989,161.004,0.0,0,1738210612791,134,0.0
1738210612,160.987,161.002,0.0,0,1738210612811,134,0.0
1738210613,160.988,161.003,0.0,0,1738210613119,134,0.0
1738210614,160.984,160.999,0.0,0,1738210614109,134,0.0
1738210614,160.98,160.994,0.0,0,1738210614134,134,0.0
1738210614,160.981,160.995,0.0,0,1738210614443,134,0.0
1738210615,160.979,160.994,0.0,0,1738210615102,134,0.0
1738210616,160.981,160.996,0.0,0,1738210616423,134,0.0
1738210616,160.984,160.999,0.0,0,1738210616751,134,0.0
1738210616,160.983,160.998,0.0,0,1738210616761,134,0.0
1738210617,160.984,160.999,0.0,0,1738210617081,134,0.0
1738210617,160.985,161.0,0.0,0,1738210617409,134,0.0
1738210618,160.984,160.999,0.0,0,1738210618073,134,0.0
1738210618,160.983,160.998,0.0,0,1738210618078,134,0.0
1738210618,160.984,160.998,0.0,0,1738210618399,130,0.0
1738210618,160.983,160.998,0.0,0,1738210618731,130,0.0
1738210619,160.984,160.998,0.0,0,1738210619061,130,0.0
1738210620,160.984,160.998,0.0,0,1738210620051,130,0.0
1738210620,160.981,160.996,0.0,0,1738210620380,134,0.0
1738210620,160.976,160.99,0.0,0,1738210620405,134,0.0
1738210620,160.977,160.991,0.0,0,1738210620713,134,0.0
1738210620,160.979,160.993,0.0,0,1738210620756,134,0.0
1738210621,160.962,160.977,0.0,0,1738210621370,134,0.0
1738210621,160.961,160.976,0.0,0,1738210621702,134,0.0
1738210622,160.962,160.977,0.0,0,1738210622030,134,0.0
1738210622,160.96,160.979,0.0,0,1738210622069,134,0.0
1738210623,160.961,160.98,0.0,0,1738210623021,134,0.0
1738210623,160.96,160.979,0.0,0,1738210623351,134,0.0
1738210623,160.96,160.978,0.0,0,1738210623387,4,0.0
1738210624,160.96,160.977,0.0,0,1738210624041,4,0.0
1738210624,160.961,160.978,0.0,0,1738210624339,134,0.0
1738210624,160.96,160.977,0.0,0,1738210624670,134,0.0
1738210626,160.962,160.979,0.0,0,1738210626651,134,0.0
1738210627,160.963,160.979,0.0,0,1738210627640,130,0.0
1738210628,160.963,160.98,0.0,0,1738210628960,4,0.0
1738210629,160.961,160.978,0.0,0,1738210629653,134,0.0
1738210629,160.94,160.957,0.0,0,1738210629950,134,0.0
1738210629,160.948,160.965,0.0,0,1738210629958,134,0.0
1738210630,160.937,160.958,0.0,0,1738210630282,134,0.0
1738210630,160.939,160.96,0.0,0,1738210630311,134,0.0
1738210630,160.93,160.951,0.0,0,1738210630613,134,0.0
1738210630,160.928,160.949,0.0,0,1738210630615,134,0.0
1738210630,160.929,160.95,0.0,0,1738210630940,134,0.0
1738210631,160.927,160.949,0.0,0,1738210631270,134,0.0
1738210631,160.927,160.95,0.0,0,1738210631271,4,0.0
1738210631,160.932,160.954,0.0,0,1738210631600,134,0.0
1738210631,160.933,160.955,0.0,0,1738210631623,134,0.0
1738210631,160.925,160.947,0.0,0,1738210631942,134,0.0
1738210631,160.927,160.95,0.0,0,1738210631943,134,0.0
1738210632,160.928,160.949,0.0,0,1738210632261,134,0.0
1738210632,160.926,160.947,0.0,0,1738210632590,134,0.0
1738210632,160.933,160.954,0.0,0,1738210632920,134,0.0
1738210634,160.932,160.953,0.0,0,1738210634241,134,0.0
1738210635,160.931,160.952,0.0,0,1738210635234,134,0.0
1738210635,160.929,160.95,0.0,0,1738210635562,134,0.0
1738210635,160.93,160.951,0.0,0,1738210635893,134,0.0
1738210637,160.929,160.95,0.0,0,1738210637237,134,0.0
1738210638,160.93,160.95,0.0,0,1738210638201,130,0.0
1738210638,160.936,160.957,0.0,0,1738210638531,134,0.0
1738210639,160.937,160.958,0.0,0,1738210639203,134,0.0
1738210639,160.936,160.957,0.0,0,1738210639851,134,0.0
1738210641,160.929,160.95,0.0,0,1738210641177,134,0.0
1738210641,160.922,160.942,0.0,0,1738210641500,134,0.0
1738210641,160.921,160.942,0.0,0,1738210641831,130,0.0
1738210642,160.92,160.943,0.0,0,1738210642161,134,0.0
1738210643,160.921,160.943,0.0,0,1738210643480,130,0.0
1738210643,160.92,160.943,0.0,0,1738210643812,130,0.0
1738210644,160.921,160.943,0.0,0,1738210644469,130,0.0
1738210644,160.92,160.943,0.0,0,1738210644513,130,0.0
1738210644,160.933,160.956,0.0,0,1738210644802,134,0.0
1738210645,160.935,160.958,0.0,0,1738210645130,134,0.0
1738210645,160.934,160.957,0.0,0,1738210645461,134,0.0
1738210645,160.935,160.958,0.0,0,1738210645790,134,0.0
1738210646,160.931,160.954,0.0,0,1738210646121,134,0.0
1738210646,160.932,160.955,0.0,0,1738210646451,134,0.0
1738210647,160.932,160.954,0.0,0,1738210647110,4,0.0
1738210647,160.921,160.944,0.0,0,1738210647771,134,0.0
1738210647,160.92,160.942,0.0,0,1738210647798,134,0.0
1738210648,160.919,160.942,0.0,0,1738210648102,130,0.0
1738210649,160.918,160.941,0.0,0,1738210649465,134,0.0
1738210649,160.913,160.936,0.0,0,1738210649770,134,0.0
1738210650,160.914,160.937,0.0,0,1738210650411,134,0.0
1738210650,160.912,160.935,0.0,0,1738210650743,134,0.0
1738210650,160.919,160.942,0.0,0,1738210650779,134,0.0
1738210651,160.906,160.928,0.0,0,1738210651072,134,0.0
1738210651,160.902,160.925,0.0,0,1738210651083,134,0.0
1738210651,160.908,160.931,0.0,0,1738210651404,134,0.0
1738210651,160.91,160.932,0.0,0,1738210651731,134,0.0
1738210652,160.896,160.918,0.0,0,1738210652063,134,0.0
1738210652,160.895,160.917,0.0,0,1738210652097,134,0.0
1738210652,160.901,160.923,0.0,0,1738210652390,134,0.0
1738210652,160.901,160.924,0.0,0,1738210652400,4,0.0
1738210652,160.903,160.925,0.0,0,1738210652721,134,0.0
1738210653,160.908,160.931,0.0,0,1738210653379,134,0.0
1738210654,160.907,160.93,0.0,0,1738210654370,134,0.0
1738210654,160.909,160.931,0.0,0,1738210654374,134,0.0
1738210654,160.897,160.919,0.0,0,1738210654702,134,0.0
1738210654,160.898,160.921,0.0,0,1738210654727,134,0.0
1738210655,160.905,160.928,0.0,0,1738210655031,134,0.0
1738210655,160.908,160.931,0.0,0,1738210655736,134,0.0
1738210656,160.907,160.93,0.0,0,1738210656350,134,0.0
1738210656,160.906,160.929,0.0,0,1738210656391,134,0.0
1738210656,160.904,160.927,0.0,0,1738210656681,134,0.0
1738210656,160.905,160.928,0.0,0,1738210656696,134,0.0
1738210659,160.906,160.929,0.0,0,1738210659650,134,0.0
1738210660,160.908,160.931,0.0,0,1738210660644,134,0.0
1738210660,160.907,160.93,0.0,0,1738210660972,134,0.0
1738210661,160.92,160.943,0.0,0,1738210661631,134,0.0
1738210661,160.917,160.94,0.0,0,1738210661651,134,0.0
1738210661,160.901,160.924,0.0,0,1738210661961,134,0.0
1738210662,160.902,160.924,0.0,0,1738210662623,130,0.0
1738210662,160.908,160.931,0.0,0,1738210662951,134,0.0
1738210663,160.909,160.931,0.0,0,1738210663611,130,0.0
1738210664,160.908,160.931,0.0,0,1738210664271,130,0.0
1738210664,160.906,160.929,0.0,0,1738210664600,134,0.0
1738210665,160.907,160.93,0.0,0,1738210665262,134,0.0
1738210667,160.91,160.933,0.0,0,1738210667572,134,0.0
1738210667,160.909,160.932,0.0,0,1738210667614,134,0.0
1738210667,160.903,160.926,0.0,0,1738210667900,134,0.0
1738210668,160.902,160.925,0.0,0,1738210668230,134,0.0
1738210668,160.911,160.934,0.0,0,1738210668891,134,0.0
1738210669,160.912,160.934,0.0,0,1738210669549,130,0.0
1738210669,160.914,160.937,0.0,0,1738210669592,134,0.0
1738210669,160.909,160.932,0.0,0,1738210669881,134,0.0
1738210669,160.907,160.929,0.0,0,1738210669888,134,0.0
1738210670,160.907,160.93,0.0,0,1738210670211,4,0.0
1738210670,160.907,160.929,0.0,0,1738210670244,4,0.0
1738210670,160.907,160.93,0.0,0,1738210670548,4,0.0
1738210670,160.91,160.932,0.0,0,1738210670870,134,0.0
1738210671,160.909,160.932,0.0,0,1738210671861,130,0.0
1738210672,160.91,160.933,0.0,0,1738210672850,134,0.0
1738210673,160.911,160.932,0.0,0,1738210673179,134,0.0
1738210673,160.916,160.937,0.0,0,1738210673231,134,0.0
1738210673,160.918,160.939,0.0,0,1738210673510,134,0.0
1738210673,160.91,160.931,0.0,0,1738210673841,134,0.0
1738210674,160.917,160.938,0.0,0,1738210674170,134,0.0
1738210674,160.912,160.933,0.0,0,1738210674501,134,0.0
1738210674,160.91,160.931,0.0,0,1738210674541,134,0.0
1738210674,160.919,160.94,0.0,0,1738210674830,134,0.0
1738210674,160.918,160.939,0.0,0,1738210674844,134,0.0
1738210675,160.914,160.937,0.0,0,1738210675159,134,0.0
1738210675,160.923,160.945,0.0,0,1738210675492,134,0.0
1738210675,160.918,160.94,0.0,0,1738210675501,134,0.0
1738210675,160.921,160.943,0.0,0,1738210675820,134,0.0
1738210676,160.921,160.944,0.0,0,1738210676481,4,0.0
1738210676,160.924,160.947,0.0,0,1738210676808,134,0.0
1738210677,160.934,160.957,0.0,0,1738210677141,134,0.0
1738210677,160.931,160.954,0.0,0,1738210677166,134,0.0
1738210678,160.932,160.955,0.0,0,1738210678130,134,0.0
1738210678,160.933,160.956,0.0,0,1738210678177,134,0.0
1738210678,160.936,160.959,0.0,0,1738210678461,134,0.0
1738210678,160.931,160.954,0.0,0,1738210678484,134,0.0
1738210678,160.93,160.953,0.0,0,1738210678790,134,0.0
1738210678,160.935,160.958,0.0,0,1738210678835,134,0.0
1738210679,160.933,160.956,0.0,0,1738210679122,134,0.0
1738210679,160.934,160.957,0.0,0,1738210679140,134,0.0
1738210679,160.942,160.965,0.0,0,1738210679450,134,0.0
1738210679,160.943,160.966,0.0,0,1738210679780,134,0.0
1738210680,160.957,160.98,0.0,0,1738210680112,134,0.0
1738210680,160.959,160.982,0.0,0,1738210680149,134,0.0
1738210680,160.956,160.979,0.0,0,1738210680438,134,0.0
1738210680,160.945,160.968,0.0,0,1738210680770,134,0.0
1738210681,160.941,160.964,0.0,0,1738210681099,134,0.0
1738210681,160.954,160.977,0.0,0,1738210681429,134,0.0
1738210681,160.947,160.97,0.0,0,1738210681460,134,0.0
1738210681,160.942,160.965,0.0,0,1738210681762,134,0.0
1738210681,160.941,160.964,0.0,0,1738210681764,134,0.0
1738210682,160.94,160.963,0.0,0,1738210682124,134,0.0
1738210682,160.937,160.96,0.0,0,1738210682420,134,0.0
1738210682,160.938,160.961,0.0,0,1738210682751,134,0.0
1738210683,160.94,160.963,0.0,0,1738210683409,134,0.0
1738210684,160.944,160.967,0.0,0,1738210684401,134,0.0
1738210685,160.941,160.964,0.0,0,1738210685062,134,0.0
1738210685,160.939,160.962,0.0,0,1738210685390,134,0.0
1738210686,160.938,160.961,0.0,0,1738210686051,134,0.0
1738210686,160.945,160.968,0.0,0,1738210686379,134,0.0
1738210687,160.943,160.966,0.0,0,1738210687041,134,0.0
1738210688,160.936,160.959,0.0,0,1738210688031,134,0.0
1738210688,160.935,160.958,0.0,0,1738210688737,134,0.0
1738210690,160.926,160.949,0.0,0,1738210690671,134,0.0
1738210690,160.925,160.948,0.0,0,1738210690707,134,0.0
1738210690,160.926,160.949,0.0,0,1738210690999,134,0.0
1738210691,160.93,160.953,0.0,0,1738210691329,134,0.0
1738210691,160.937,160.96,0.0,0,1738210691667,134,0.0
1738210691,160.935,160.958,0.0,0,1738210691989,134,0.0
1738210692,160.931,160.954,0.0,0,1738210692320,134,0.0
1738210692,160.932,160.955,0.0,0,1738210692652,134,0.0
1738210692,160.94,160.963,0.0,0,1738210692980,134,0.0
1738210692,160.937,160.96,0.0,0,1738210692987,134,0.0
1738210693,160.928,160.951,0.0,0,1738210693309,134,0.0
1738210693,160.927,160.95,0.0,0,1738210693970,134,0.0
1738210694,160.926,160.949,0.0,0,1738210694000,134,0.0
1738210694,160.937,160.96,0.0,0,1738210694300,134,0.0
1738210694,160.929,160.952,0.0,0,1738210694964,134,0.0
1738210695,160.927,160.95,0.0,0,1738210695290,134,0.0
1738210695,160.928,160.951,0.0,0,1738210695313,134,0.0
1738210696,160.927,160.95,0.0,0,1738210696279,134,0.0
1738210696,160.926,160.949,0.0,0,1738210696941,134,0.0
1738210697,160.922,160.945,0.0,0,1738210697271,134,0.0
1738210698,160.92,160.943,0.0,0,1738210698260,134,0.0
1738210698,160.921,160.944,0.0,0,1738210698297,134,0.0
1738210698,160.922,160.945,0.0,0,1738210698591,134,0.0
1738210698,160.928,160.951,0.0,0,1738210698923,134,0.0
1738210698,160.929,160.952,0.0,0,1738210698956,134,0.0
1738210699,160.925,160.948,0.0,0,1738210699250,134,0.0
1738210699,160.919,160.942,0.0,0,1738210699258,134,0.0
1738210699,160.921,160.944,0.0,0,1738210699614,134,0.0
1738210699,160.922,160.945,0.0,0,1738210699910,134,0.0
1738210700,160.914,160.937,0.0,0,1738210700272,134,0.0
1738210700,160.92,160.943,0.0,0,1738210700572,134,0.0
1738210700,160.918,160.941,0.0,0,1738210700577,134,0.0
1738210700,160.921,160.944,0.0,0,1738210700899,134,0.0
1738210702,160.915,160.938,0.0,0,1738210702221,134,0.0
1738210702,160.917,160.94,0.0,0,1738210702553,134,0.0
1738210703,160.92,160.943,0.0,0,1738210703212,134,0.0
1738210703,160.922,160.945,0.0,0,1738210703870,134,0.0
1738210704,160.924,160.947,0.0,0,1738210704201,134,0.0
1738210706,160.925,160.947,0.0,0,1738210706181,130,0.0
1738210706,160.924,160.947,0.0,0,1738210706192,130,0.0
1738210707,160.926,160.948,0.0,0,1738210707172,134,0.0
1738210707,160.929,160.952,0.0,0,1738210707198,134,0.0
1738210707,160.914,160.937,0.0,0,1738210707501,134,0.0
1738210708,160.921,160.944,0.0,0,1738210708160,134,0.0
1738210708,160.921,160.943,0.0,0,1738210708206,4,0.0
1738210708,160.914,160.936,0.0,0,1738210708490,134,0.0
1738210710,160.924,160.947,0.0,0,1738210710150,134,0.0
1738210710,160.925,160.948,0.0,0,1738210710473,134,0.0
1738210710,160.938,160.961,0.0,0,1738210710478,134,0.0
1738210710,160.924,160.947,0.0,0,1738210710803,134,0.0
1738210711,160.926,160.949,0.0,0,1738210711135,134,0.0
1738210711,160.929,160.952,0.0,0,1738210711486,134,0.0
1738210711,160.934,160.957,0.0,0,1738210711790,134,0.0
1738210712,160.922,160.945,0.0,0,1738210712449,134,0.0
1738210713,160.936,160.959,0.0,0,1738210713112,134,0.0
1738210713,160.931,160.954,0.0,0,1738210713153,134,0.0
1738210713,160.932,160.955,0.0,0,1738210713459,134,0.0
1738210714,160.939,160.962,0.0,0,1738210714111,134,0.0
1738210714,160.948,160.971,0.0,0,1738210714429,134,0.0
1738210714,160.947,160.97,0.0,0,1738210714761,134,0.0
1738210714,160.946,160.969,0.0,0,1738210714767,134,0.0
1738210715,160.947,160.97,0.0,0,1738210715090,134,0.0
1738210715,160.945,160.968,0.0,0,1738210715426,134,0.0
1738210715,160.941,160.964,0.0,0,1738210715751,134,0.0
1738210716,160.943,160.966,0.0,0,1738210716079,134,0.0
1738210717,160.945,160.968,0.0,0,1738210717069,134,0.0
1738210717,160.944,160.967,0.0,0,1738210717731,134,0.0
1738210718,160.943,160.966,0.0,0,1738210718412,134,0.0
1738210718,160.944,160.967,0.0,0,1738210718724,134,0.0
1738210720,160.943,160.966,0.0,0,1738210720369,134,0.0
1738210720,160.942,160.965,0.0,0,1738210720381,134,0.0
1738210720,160.929,160.952,0.0,0,1738210720701,134,0.0
1738210720,160.927,160.95,0.0,0,1738210720735,134,0.0
1738210721,160.929,160.952,0.0,0,1738210721031,134,0.0
1738210721,160.931,160.954,0.0,0,1738210721359,134,0.0
1738210722,160.929,160.952,0.0,0,1738210722020,134,0.0
1738210722,160.928,160.951,0.0,0,1738210722349,134,0.0
1738210722,160.929,160.952,0.0,0,1738210722681,134,0.0
1738210722,160.932,160.955,0.0,0,1738210722708,134,0.0
1738210723,160.935,160.958,0.0,0,1738210723340,134,0.0
1738210723,160.943,160.966,0.0,0,1738210723673,134,0.0
1738210724,160.945,160.968,0.0,0,1738210724000,134,0.0
1738210725,160.944,160.967,0.0,0,1738210725688,134,0.0
1738210726,160.945,160.968,0.0,0,1738210726641,134,0.0
1738210729,160.964,160.987,0.0,0,1738210729942,134,0.0
1738210730,160.96,160.983,0.0,0,1738210730271,134,0.0
1738210730,160.959,160.982,0.0,0,1738210730599,134,0.0
1738210730,160.96,160.983,0.0,0,1738210730930,134,0.0
1738210731,160.959,160.982,0.0,0,1738210731920,134,0.0
1738210733,160.96,160.983,0.0,0,1738210733275,134,0.0
1738210734,160.959,160.982,0.0,0,1738210734230,134,0.0
1738210737,160.96,160.983,0.0,0,1738210737216,134,0.0
1738210737,160.947,160.97,0.0,0,1738210737531,134,0.0
1738210737,160.948,160.971,0.0,0,1738210737861,134,0.0
1738210740,160.948,160.971,0.0,0,1738210740169,130,0.0
1738210740,160.952,160.975,0.0,0,1738210740830,134,0.0
1738210740,160.951,160.974,0.0,0,1738210740860,134,0.0
1738210741,160.95,160.973,0.0,0,1738210741819,134,0.0
1738210744,160.949,160.972,0.0,0,1738210744129,134,0.0
1738210744,160.946,160.969,0.0,0,1738210744145,134,0.0
1738210744,160.948,160.971,0.0,0,1738210744460,134,0.0
1738210746,160.946,160.969,0.0,0,1738210746119,134,0.0
1738210746,160.932,160.955,0.0,0,1738210746441,134,0.0
1738210746,160.931,160.954,0.0,0,1738210746474,134,0.0
1738210747,160.933,160.956,0.0,0,1738210747101,134,0.0
1738210747,160.93,160.953,0.0,0,1738210747428,134,0.0
1738210747,160.933,160.956,0.0,0,1738210747760,134,0.0
1738210747,160.934,160.957,0.0,0,1738210747788,134,0.0
1738210748,160.933,160.956,0.0,0,1738210748090,134,0.0
1738210748,160.934,160.957,0.0,0,1738210748093,134,0.0
1738210748,160.933,160.956,0.0,0,1738210748418,134,0.0
1738210748,160.938,160.961,0.0,0,1738210748752,134,0.0
1738210749,160.937,160.96,0.0,0,1738210749740,134,0.0
1738210749,160.936,160.959,0.0,0,1738210749759,134,0.0
1738210750,160.937,160.96,0.0,0,1738210750070,134,0.0
1738210750,160.938,160.961,0.0,0,1738210750398,134,0.0
1738210750,160.937,160.96,0.0,0,1738210750729,134,0.0
1738210751,160.936,160.959,0.0,0,1738210751388,134,0.0
1738210751,160.937,160.96,0.0,0,1738210751720,134,0.0
1738210752,160.936,160.959,0.0,0,1738210752379,134,0.0
1738210753,160.935,160.958,0.0,0,1738210753040,134,0.0
1738210753,160.937,160.96,0.0,0,1738210753368,134,0.0
1738210753,160.938,160.961,0.0,0,1738210753698,134,0.0
1738210753,160.937,160.96,0.0,0,1738210753703,134,0.0
1738210754,160.936,160.959,0.0,0,1738210754029,134,0.0
1738210754,160.935,160.958,0.0,0,1738210754361,134,0.0
1738210754,160.934,160.957,0.0,0,1738210754687,134,0.0
1738210755,160.935,160.958,0.0,0,1738210755368,134,0.0
1738210756,160.938,160.961,0.0,0,1738210756010,134,0.0
1738210756,160.936,160.959,0.0,0,1738210756669,134,0.0
1738210756,160.942,160.965,0.0,0,1738210756997,134,0.0
1738210757,160.944,160.967,0.0,0,1738210757990,134,0.0
1738210758,160.943,160.966,0.0,0,1738210758652,134,0.0
1738210759,160.941,160.963,0.0,0,1738210759640,134,0.0
1738210759,160.937,160.959,0.0,0,1738210759971,134,0.0
1738210760,160.936,160.959,0.0,0,1738210760297,130,0.0
1738210760,160.937,160.96,0.0,0,1738210760629,134,0.0
1738210761,160.935,160.957,0.0,0,1738210761288,134,0.0
1738210761,160.935,160.958,0.0,0,1738210761623,4,0.0
1738210761,160.935,160.957,0.0,0,1738210761950,4,0.0
1738210762,160.927,160.95,0.0,0,1738210762940,134,0.0
1738210762,160.928,160.951,0.0,0,1738210762943,134,0.0
1738210763,160.93,160.952,0.0,0,1738210763270,134,0.0
1738210763,160.929,160.951,0.0,0,1738210763600,134,0.0
1738210763,160.929,160.952,0.0,0,1738210763953,4,0.0
1738210764,160.929,160.951,0.0,0,1738210764259,4,0.0
1738210764,160.93,160.952,0.0,0,1738210764589,134,0.0
1738210765,160.934,160.956,0.0,0,1738210765912,134,0.0
1738210765,160.933,160.956,0.0,0,1738210765924,130,0.0
1738210766,160.932,160.955,0.0,0,1738210766241,134,0.0
1738210766,160.933,160.955,0.0,0,1738210766901,130,0.0
1738210767,160.933,160.954,0.0,0,1738210767233,4,0.0
1738210767,160.936,160.957,0.0,0,1738210767561,134,0.0
1738210767,160.935,160.956,0.0,0,1738210767596,134,0.0
1738210767,160.936,160.957,0.0,0,1738210767901,134,0.0
1738210768,160.929,160.95,0.0,0,1738210768219,134,0.0
1738210768,160.928,160.949,0.0,0,1738210768255,134,0.0
1738210768,160.927,160.948,0.0,0,1738210768549,134,0.0
1738210768,160.926,160.947,0.0,0,1738210768560,134,0.0
1738210768,160.927,160.948,0.0,0,1738210768881,134,0.0
1738210769,160.937,160.958,0.0,0,1738210769209,134,0.0
1738210769,160.935,160.956,0.0,0,1738210769541,134,0.0
1738210769,160.93,160.951,0.0,0,1738210769870,134,0.0
1738210770,160.928,160.949,0.0,0,1738210770859,134,0.0
1738210771,160.929,160.95,0.0,0,1738210771192,134,0.0
1738210771,160.93,160.951,0.0,0,1738210771849,134,0.0
1738210772,160.93,160.95,0.0,0,1738210772180,4,0.0
1738210772,160.93,160.951,0.0,0,1738210772841,4,0.0
1738210773,160.921,160.942,0.0,0,1738210773170,134,0.0
1738210773,160.92,160.941,0.0,0,1738210773213,134,0.0
1738210773,160.923,160.944,0.0,0,1738210773501,134,0.0
1738210773,160.922,160.943,0.0,0,1738210773516,134,0.0
1738210773,160.928,160.949,0.0,0,1738210773829,134,0.0
1738210774,160.927,160.948,0.0,0,1738210774161,134,0.0
1738210774,160.929,160.95,0.0,0,1738210774490,134,0.0
1738210774,160.928,160.949,0.0,0,1738210774820,134,0.0
1738210775,160.927,160.948,0.0,0,1738210775477,134,0.0
1738210776,160.928,160.948,0.0,0,1738210776140,130,0.0
1738210776,160.928,160.949,0.0,0,1738210776146,4,0.0
1738210776,160.929,160.95,0.0,0,1738210776468,134,0.0
1738210776,160.93,160.951,0.0,0,1738210776500,134,0.0
1738210776,160.93,160.95,0.0,0,1738210776800,4,0.0
1738210777,160.931,160.951,0.0,0,1738210777130,134,0.0
1738210777,160.93,160.951,0.0,0,1738210777459,130,0.0
1738210777,160.93,160.95,0.0,0,1738210777814,4,0.0
1738210778,160.93,160.951,0.0,0,1738210778122,4,0.0
1738210778,160.93,160.95,0.0,0,1738210778123,4,0.0
1738210778,160.93,160.951,0.0,0,1738210778449,4,0.0
1738210778,160.93,160.95,0.0,0,1738210778780,4,0.0
1738210780,160.93,160.949,0.0,0,1738210780097,4,0.0
1738210780,160.931,160.95,0.0,0,1738210780429,134,0.0
1738210780,160.929,160.948,0.0,0,1738210780761,134,0.0
1738210781,160.93,160.949,0.0,0,1738210781099,134,0.0
1738210781,160.928,160.947,0.0,0,1738210781416,134,0.0
1738210782,160.929,160.948,0.0,0,1738210782107,134,0.0
1738210782,160.928,160.947,0.0,0,1738210782762,134,0.0
1738210783,160.929,160.948,0.0,0,1738210783117,134,0.0
1738210784,160.93,160.949,0.0,0,1738210784388,134,0.0
1738210785,160.931,160.949,0.0,0,1738210785085,130,0.0
1738210786,160.93,160.949,0.0,0,1738210786369,130,0.0
1738210787,160.94,160.958,0.0,0,1738210787029,134,0.0
1738210787,160.941,160.96,0.0,0,1738210787053,134,0.0
1738210787,160.942,160.96,0.0,0,1738210787689,130,0.0
1738210787,160.938,160.956,0.0,0,1738210787711,134,0.0
1738210788,160.94,160.958,0.0,0,1738210788019,134,0.0
1738210788,160.939,160.958,0.0,0,1738210788350,130,0.0
1738210788,160.94,160.959,0.0,0,1738210788682,134,0.0
1738210789,160.941,160.959,0.0,0,1738210789342,130,0.0
1738210789,160.94,160.959,0.0,0,1738210789377,130,0.0
1738210789,160.939,160.958,0.0,0,1738210789670,134,0.0
1738210789,160.939,160.957,0.0,0,1738210789678,4,0.0
1738210790,160.938,160.956,0.0,0,1738210790328,134,0.0
1738210791,160.936,160.954,0.0,0,1738210791648,134,0.0
1738210791,160.935,160.954,0.0,0,1738210791651,130,0.0
1738210791,160.935,160.953,0.0,0,1738210791980,4,0.0
1738210792,160.936,160.954,0.0,0,1738210792006,134,0.0
1738210792,160.935,160.954,0.0,0,1738210792311,130,0.0
1738210792,160.937,160.955,0.0,0,1738210792640,134,0.0
1738210792,160.938,160.956,0.0,0,1738210792658,134,0.0
1738210792,160.937,160.955,0.0,0,1738210792969,134,0.0
1738210793,160.937,160.956,0.0,0,1738210793629,4,0.0
1738210794,160.938,160.955,0.0,0,1738210794288,134,0.0
1738210794,160.936,160.953,0.0,0,1738210794949,134,0.0
1738210794,160.937,160.954,0.0,0,1738210794981,134,0.0
1738210795,160.936,160.953,0.0,0,1738210795278,134,0.0
1738210798,160.937,160.953,0.0,0,1738210798248,130,0.0
1738210799,160.938,160.955,0.0,0,1738210799264,134,0.0
1738210799,160.937,160.953,0.0,0,1738210799568,134,0.0
1738210799,160.938,160.954,0.0,0,1738210799898,134,0.0
1738210800,160.938,160.954,0.0,0,1738210800232,130,0.0
1738210800,160.929,160.946,0.0,0,1738210800560,134,0.0
1738210800,160.933,160.949,0.0,0,1738210800580,134,0.0
1738210800,160.928,160.945,0.0,0,1738210800887,134,0.0
1738210800,160.927,160.944,0.0,0,1738210800932,134,0.0
1738210801,160.92,160.935,0.0,0,1738210801219,134,0.0
1738210801,160.921,160.936,0.0,0,1738210801548,134,0.0
1738210801,160.924,160.939,0.0,0,1738210801879,134,0.0
1738210801,160.923,160.938,0.0,0,1738210801892,134,0.0
1738210802,160.921,160.94,0.0,0,1738210802210,134,0.0
1738210802,160.92,160.939,0.0,0,1738210802549,134,0.0
1738210803,160.921,160.94,0.0,0,1738210803206,134,0.0
1738210804,160.917,160.935,0.0,0,1738210804191,134,0.0
1738210804,160.916,160.934,0.0,0,1738210804516,134,0.0
1738210804,160.916,160.935,0.0,0,1738210804520,4,0.0
1738210805,160.915,160.934,0.0,0,1738210805178,134,0.0
1738210805,160.914,160.933,0.0,0,1738210805509,134,0.0
1738210806,160.914,160.932,0.0,0,1738210806842,4,0.0
1738210807,160.915,160.933,0.0,0,1738210807159,134,0.0
1738210807,160.916,160.934,0.0,0,1738210807488,134,0.0
1738210808,160.916,160.933,0.0,0,1738210808149,4,0.0
1738210809,160.919,160.936,0.0,0,1738210809469,134,0.0
1738210809,160.92,160.937,0.0,0,1738210809474,134,0.0
1738210809,160.922,160.939,0.0,0,1738210809796,134,0.0
1738210809,160.924,160.941,0.0,0,1738210809827,134,0.0
1738210810,160.922,160.939,0.0,0,1738210810129,134,0.0
1738210810,160.923,160.94,0.0,0,1738210810132,134,0.0
1738210811,160.922,160.939,0.0,0,1738210811779,134,0.0
1738210812,160.924,160.941,0.0,0,1738210812437,134,0.0
1738210812,160.923,160.94,0.0,0,1738210812457,134,0.0
1738210813,160.925,160.942,0.0,0,1738210813115,134,0.0
1738210813,160.928,160.944,0.0,0,1738210813425,134,0.0
1738210813,160.927,160.943,0.0,0,1738210813466,134,0.0
1738210813,160.931,160.947,0.0,0,1738210813759,134,0.0
1738210815,160.926,160.943,0.0,0,1738210815740,134,0.0
1738210816,160.932,160.948,0.0,0,1738210816067,134,0.0
1738210816,160.933,160.949,0.0,0,1738210816089,134,0.0
1738210816,160.936,160.952,0.0,0,1738210816396,134,0.0
1738210816,160.927,160.944,0.0,0,1738210816729,134,0.0
1738210816,160.928,160.944,0.0,0,1738210816745,130,0.0
1738210817,160.927,160.944,0.0,0,1738210817058,130,0.0
1738210817,160.928,160.944,0.0,0,1738210817720,130,0.0
1738210818,160.927,160.944,0.0,0,1738210818047,130,0.0
1738210818,160.932,160.949,0.0,0,1738210818707,134,0.0
1738210818,160.938,160.955,0.0,0,1738210818714,134,0.0
1738210819,160.942,160.959,0.0,0,1738210819038,134,0.0
1738210819,160.941,160.958,0.0,0,1738210819698,134,0.0
1738210820,160.937,160.956,0.0,0,1738210820359,134,0.0
1738210820,160.935,160.954,0.0,0,1738210820688,134,0.0
1738210820,160.932,160.951,0.0,0,1738210820731,134,0.0
1738210822,160.931,160.95,0.0,0,1738210822008,134,0.0
1738210823,160.93,160.949,0.0,0,1738210823326,134,0.0
1738210823,160.929,160.948,0.0,0,1738210823356,134,0.0
1738210823,160.928,160.947,0.0,0,1738210823658,134,0.0
1738210823,160.931,160.95,0.0,0,1738210823988,134,0.0
1738210824,160.932,160.951,0.0,0,1738210824318,134,0.0
1738210824,160.941,160.96,0.0,0,1738210824649,134,0.0
1738210824,160.943,160.961,0.0,0,1738210824664,134,0.0
1738210824,160.947,160.965,0.0,0,1738210824979,134,0.0
1738210825,160.946,160.965,0.0,0,1738210825020,130,0.0
1738210825,160.945,160.964,0.0,0,1738210825308,134,0.0
1738210825,160.946,160.964,0.0,0,1738210825643,130,0.0
1738210825,160.945,160.964,0.0,0,1738210825673,130,0.0
1738210825,160.955,160.974,0.0,0,1738210825971,134,0.0
1738210825,160.955,160.973,0.0,0,1738210825982,4,0.0
1738210826,160.942,160.961,0.0,0,1738210826298,134,0.0
1738210828,160.941,160.96,0.0,0,1738210828278,134,0.0
1738210829,160.95,160.969,0.0,0,1738210829598,134,0.0
1738210829,160.949,160.968,0.0,0,1738210829929,134,0.0
1738210830,160.945,160.963,0.0,0,1738210830262,134,0.0
1738210830,160.942,160.961,0.0,0,1738210830270,134,0.0
1738210830,160.936,160.955,0.0,0,1738210830590,134,0.0
1738210830,160.933,160.951,0.0,0,1738210830620,134,0.0
1738210830,160.938,160.956,0.0,0,1738210830923,134,0.0
1738210831,160.937,160.955,0.0,0,1738210831250,134,0.0
1738210831,160.936,160.955,0.0,0,1738210831273,130,0.0
1738210831,160.937,160.956,0.0,0,1738210831581,134,0.0
1738210831,160.937,160.955,0.0,0,1738210831909,4,0.0
1738210832,160.94,160.959,0.0,0,1738210832240,134,0.0
1738210832,160.941,160.96,0.0,0,1738210832286,134,0.0
1738210832,160.942,160.96,0.0,0,1738210832569,130,0.0
1738210832,160.941,160.96,0.0,0,1738210832939,130,0.0
1738210833,160.942,160.96,0.0,0,1738210833285,130,0.0
1738210833,160.941,160.96,0.0,0,1738210833559,130,0.0
1738210833,160.941,160.959,0.0,0,1738210833889,4,0.0
1738210835,160.941,160.958,0.0,0,1738210835208,4,0.0
1738210836,160.946,160.963,0.0,0,1738210836861,134,0.0
1738210837,160.935,160.952,0.0,0,1738210837190,134,0.0
1738210837,160.937,160.954,0.0,0,1738210837521,134,0.0
1738210837,160.936,160.953,0.0,0,1738210837850,134,0.0
1738210839,160.935,160.952,0.0,0,1738210839170,134,0.0
1738210840,160.936,160.952,0.0,0,1738210840487,130,0.0
1738210840,160.937,160.954,0.0,0,1738210840819,134,0.0
1738210841,160.936,160.953,0.0,0,1738210841149,134,0.0
1738210841,160.939,160.956,0.0,0,1738210841478,134,0.0
1738210841,160.939,160.955,0.0,0,1738210841809,4,0.0
1738210841,160.938,160.955,0.0,0,1738210841826,130,0.0
1738210842,160.939,160.955,0.0,0,1738210842181,130,0.0
1738210842,160.937,160.954,0.0,0,1738210842468,134,0.0
1738210844,160.938,160.953,0.0,0,1738210844118,134,0.0
1738210844,160.937,160.952,0.0,0,1738210844449,134,0.0
1738210844,160.938,160.953,0.0,0,1738210844778,134,0.0
1738210845,160.934,160.949,0.0,0,1738210845111,134,0.0
1738210846,160.936,160.951,0.0,0,1738210846099,134,0.0
1738210846,160.932,160.947,0.0,0,1738210846120,134,0.0
1738210846,160.931,160.946,0.0,0,1738210846428,134,0.0
1738210847,160.931,160.945,0.0,0,1738210847416,4,0.0
1738210847,160.932,160.946,0.0,0,1738210847748,134,0.0
1738210848,160.931,160.946,0.0,0,1738210848078,130,0.0
1738210850,160.935,160.948,0.0,0,1738210850058,134,0.0
1738210850,160.937,160.95,0.0,0,1738210850105,134,0.0
1738210850,160.938,160.951,0.0,0,1738210850387,134,0.0
1738210850,160.939,160.952,0.0,0,1738210850719,134,0.0
1738210851,160.938,160.953,0.0,0,1738210851065,134,0.0
1738210851,160.939,160.953,0.0,0,1738210851708,130,0.0
1738210852,160.939,160.952,0.0,0,1738210852072,4,0.0
1738210853,160.938,160.951,0.0,0,1738210853028,134,0.0
1738210853,160.937,160.95,0.0,0,1738210853358,134,0.0
1738210854,160.938,160.951,0.0,0,1738210854018,134,0.0
1738210855,160.95,160.963,0.0,0,1738210855009,134,0.0
1738210855,160.947,160.96,0.0,0,1738210855340,134,0.0
1738210855,160.949,160.962,0.0,0,1738210855354,134,0.0
1738210855,160.948,160.961,0.0,0,1738210855668,134,0.0
1738210855,160.947,160.96,0.0,0,1738210855707,134,0.0
1738210856,160.948,160.961,0.0,0,1738210856009,134,0.0
1738210856,160.954,160.969,0.0,0,1738210856326,134,0.0
1738210856,160.954,160.968,0.0,0,1738210856658,4,0.0
1738210857,160.954,160.969,0.0,0,1738210857324,4,0.0
1738210857,160.953,160.968,0.0,0,1738210857648,134,0.0
1738210857,160.952,160.967,0.0,0,1738210857981,134,0.0
1738210858,160.954,160.969,0.0,0,1738210858309,134,0.0
1738210858,160.955,160.969,0.0,0,1738210858639,130,0.0
1738210858,160.955,160.97,0.0,0,1738210858969,4,0.0
1738210859,160.954,160.967,0.0,0,1738210859297,134,0.0
1738210859,160.955,160.968,0.0,0,1738210859342,134,0.0
1738210859,160.954,160.967,0.0,0,1738210859629,134,0.0
1738210859,160.952,160.965,0.0,0,1738210859958,134,0.0
1738210860,160.952,160.965,0.0,0,1738210860002,130,0.0
1738210860,160.943,160.956,0.0,0,1738210860288,134,0.0
1738210860,160.94,160.953,0.0,0,1738210860616,134,0.0
1738210860,160.939,160.952,0.0,0,1738210860657,134,0.0
1738210860,160.944,160.957,0.0,0,1738210860948,134,0.0
1738210861,160.942,160.959,0.0,0,1738210861278,134,0.0
1738210861,160.943,160.959,0.0,0,1738210861314,130,0.0
1738210864,160.943,160.958,0.0,0,1738210864249,4,0.0
1738210864,160.948,160.963,0.0,0,1738210864578,134,0.0
1738210864,160.944,160.959,0.0,0,1738210864907,134,0.0
1738210865,160.945,160.96,0.0,0,1738210865240,134,0.0
1738210866,160.946,160.961,0.0,0,1738210866228,134,0.0
1738210866,160.945,160.96,0.0,0,1738210866557,134,0.0
1738210866,160.946,160.961,0.0,0,1738210866889,134,0.0
1738210867,160.945,160.96,0.0,0,1738210867221,134,0.0
1738210867,160.942,160.957,0.0,0,1738210867880,134,0.0
1738210868,160.944,160.959,0.0,0,1738210868210,134,0.0
1738210868,160.943,160.958,0.0,0,1738210868226,134,0.0
1738210868,160.944,160.959,0.0,0,1738210868536,134,0.0
1738210868,160.943,160.958,0.0,0,1738210868579,134,0.0
1738210869,160.944,160.958,0.0,0,1738210869201,130,0.0
1738210869,160.943,160.957,0.0,0,1738210869860,134,0.0
1738210869,160.943,160.958,0.0,0,1738210869891,4,0.0
1738210870,160.944,160.959,0.0,0,1738210870187,134,0.0
1738210871,160.945,160.958,0.0,0,1738210871178,134,0.0
1738210872,160.944,160.957,0.0,0,1738210872866,134,0.0
1738210873,160.945,160.958,0.0,0,1738210873158,134,0.0
1738210873,160.944,160.957,0.0,0,1738210873488,134,0.0
1738210874,160.945,160.958,0.0,0,1738210874808,134,0.0
1738210874,160.947,160.96,0.0,0,1738210874836,134,0.0
1738210875,160.946,160.959,0.0,0,1738210875140,134,0.0
1738210875,160.942,160.955,0.0,0,1738210875143,134,0.0
1738210875,160.945,160.958,0.0,0,1738210875466,134,0.0
1738210876,160.946,160.959,0.0,0,1738210876128,134,0.0
1738210876,160.947,160.96,0.0,0,1738210876457,134,0.0
1738210876,160.946,160.959,0.0,0,1738210876788,134,0.0
1738210879,160.949,160.962,0.0,0,1738210879103,134,0.0
1738210879,160.951,160.964,0.0,0,1738210879758,134,0.0
1738210880,160.948,160.961,0.0,0,1738210880418,134,0.0
1738210880,160.946,160.959,0.0,0,1738210880746,134,0.0
1738210881,160.947,160.96,0.0,0,1738210881078,134,0.0
1738210881,160.948,160.961,0.0,0,1738210881407,134,0.0
1738210882,160.957,160.97,0.0,0,1738210882068,134,0.0
1738210882,160.959,160.972,0.0,0,1738210882107,134,0.0
1738210882,160.958,160.971,0.0,0,1738210882399,134,0.0
1738210882,160.959,160.972,0.0,0,1738210882728,134,0.0
1738210883,160.958,160.971,0.0,0,1738210883065,134,0.0
1738210883,160.959,160.972,0.0,0,1738210883389,134,0.0
1738210884,160.957,160.97,0.0,0,1738210884377,134,0.0
1738210886,160.956,160.969,0.0,0,1738210886689,134,0.0
1738210887,160.957,160.97,0.0,0,1738210887018,134,0.0
1738210887,160.956,160.969,0.0,0,1738210887347,134,0.0
1738210888,160.957,160.97,0.0,0,1738210888012,134,0.0
1738210889,160.956,160.969,0.0,0,1738210889371,134,0.0
1738210889,160.957,160.97,0.0,0,1738210889659,134,0.0
1738210891,160.954,160.967,0.0,0,1738210891310,134,0.0
1738210891,160.942,160.955,0.0,0,1738210891339,134,0.0
1738210891,160.943,160.956,0.0,0,1738210891639,134,0.0
1738210891,160.944,160.957,0.0,0,1738210891967,134,0.0
1738210892,160.945,160.958,0.0,0,1738210892298,134,0.0
1738210892,160.942,160.955,0.0,0,1738210892630,134,0.0
1738210893,160.945,160.958,0.0,0,1738210893008,134,0.0
1738210893,160.94,160.953,0.0,0,1738210893289,134,0.0
1738210893,160.945,160.958,0.0,0,1738210893311,134,0.0
1738210893,160.947,160.96,0.0,0,1738210893618,134,0.0
1738210894,160.948,160.961,0.0,0,1738210894278,134,0.0
1738210894,160.947,160.96,0.0,0,1738210894314,134,0.0
1738210894,160.948,160.961,0.0,0,1738210894607,134,0.0
1738210895,160.943,160.956,0.0,0,1738210895270,134,0.0
1738210895,160.945,160.958,0.0,0,1738210895275,134,0.0
1738210895,160.943,160.956,0.0,0,1738210895598,134,0.0
1738210895,160.941,160.954,0.0,0,1738210895626,134,0.0
1738210895,160.942,160.955,0.0,0,1738210895932,134,0.0
1738210896,160.941,160.954,0.0,0,1738210896919,134,0.0
1738210898,160.942,160.955,0.0,0,1738210898568,134,0.0
1738210898,160.941,160.954,0.0,0,1738210898898,134,0.0
1738210899,160.939,160.952,0.0,0,1738210899915,134,0.0
1738210900,160.941,160.954,0.0,0,1738210900219,134,0.0
1738210902,160.944,160.957,0.0,0,1738210902196,134,0.0
1738210903,160.943,160.956,0.0,0,1738210903516,134,0.0
1738210904,160.952,160.965,0.0,0,1738210904839,134,0.0
1738210904,160.951,160.964,0.0,0,1738210904863,134,0.0
1738210905,160.952,160.965,0.0,0,1738210905167,134,0.0
1738210905,160.954,160.967,0.0,0,1738210905829,134,0.0
1738210905,160.953,160.966,0.0,0,1738210905874,134,0.0
1738210906,160.951,160.964,0.0,0,1738210906160,134,0.0
1738210906,160.95,160.963,0.0,0,1738210906175,134,0.0
1738210906,160.951,160.964,0.0,0,1738210906528,134,0.0
1738210906,160.947,160.96,0.0,0,1738210906819,134,0.0
1738210906,160.948,160.961,0.0,0,1738210906830,134,0.0
1738210907,160.949,160.962,0.0,0,1738210907478,134,0.0
1738210907,160.948,160.961,0.0,0,1738210907487,134,0.0
1738210907,160.953,160.966,0.0,0,1738210907808,134,0.0
1738210908,160.952,160.965,0.0,0,1738210908803,134,0.0
1738210908,160.951,160.964,0.0,0,1738210908806,134,0.0
1738210909,160.957,160.97,0.0,0,1738210909457,134,0.0
1738210909,160.961,160.974,0.0,0,1738210909505,134,0.0
1738210909,160.956,160.969,0.0,0,1738210909788,134,0.0
1738210910,160.958,160.971,0.0,0,1738210910163,134,0.0
1738210910,160.959,160.972,0.0,0,1738210910447,134,0.0
1738210910,160.958,160.971,0.0,0,1738210910783,134,0.0
1738210910,160.955,160.968,0.0,0,1738210910820,134,0.0
1738210911,160.957,160.97,0.0,0,1738210911106,134,0.0
1738210911,160.96,160.973,0.0,0,1738210911437,134,0.0
1738210911,160.958,160.971,0.0,0,1738210911768,134,0.0
1738210911,160.961,160.974,0.0,0,1738210911777,134,0.0
1738210912,160.936,160.949,0.0,0,1738210912099,134,0.0
1738210912,160.938,160.951,0.0,0,1738210912429,134,0.0
1738210913,160.937,160.954,0.0,0,1738210913091,134,0.0
1738210914,160.935,160.952,0.0,0,1738210914079,134,0.0
1738210914,160.936,160.953,0.0,0,1738210914099,134,0.0
1738210914,160.937,160.954,0.0,0,1738210914407,134,0.0
1738210915,160.944,160.96,0.0,0,1738210915411,134,0.0
1738210915,160.946,160.963,0.0,0,1738210915728,134,0.0
1738210916,160.947,160.963,0.0,0,1738210916060,130,0.0
1738210916,160.946,160.963,0.0,0,1738210916068,130,0.0
1738210918,160.947,160.963,0.0,0,1738210918037,130,0.0
1738210918,160.946,160.963,0.0,0,1738210918698,130,0.0
1738210920,160.946,160.963,0.0,0,1738210920018,130,0.0
1738210920,160.95,160.966,0.0,0,1738210920354,134,0.0
1738210920,160.946,160.963,0.0,0,1738210920678,134,0.0
1738210921,160.948,160.964,0.0,0,1738210921011,134,0.0
1738210921,160.947,160.962,0.0,0,1738210921338,134,0.0
1738210922,160.946,160.961,0.0,0,1738210922328,134,0.0
1738210925,160.947,160.96,0.0,0,1738210925297,134,0.0
1738210926,160.946,160.959,0.0,0,1738210926663,134,0.0
1738210927,160.947,160.96,0.0,0,1738210927277,134,0.0
1738210928,160.946,160.959,0.0,0,1738210928267,134,0.0
1738210930,160.948,160.961,0.0,0,1738210930907,134,0.0
1738210933,160.946,160.959,0.0,0,1738210933895,134,0.0
1738210934,160.954,160.967,0.0,0,1738210934209,134,0.0
1738210934,160.948,160.961,0.0,0,1738210934536,134,0.0
1738210934,160.949,160.962,0.0,0,1738210934867,134,0.0
1738210935,160.948,160.961,0.0,0,1738210935199,134,0.0
1738210938,160.941,160.954,0.0,0,1738210938498,134,0.0
1738210938,160.94,160.953,0.0,0,1738210938826,134,0.0
1738210939,160.939,160.952,0.0,0,1738210939158,134,0.0
1738210939,160.94,160.953,0.0,0,1738210939817,134,0.0
1738210941,160.935,160.948,0.0,0,1738210941467,134,0.0
1738210941,160.936,160.949,0.0,0,1738210941798,134,0.0
1738210942,160.935,160.948,0.0,0,1738210942166,134,0.0
1738210942,160.936,160.949,0.0,0,1738210942457,134,0.0
1738210943,160.935,160.948,0.0,0,1738210943776,134,0.0
1738210946,160.936,160.949,0.0,0,1738210946088,134,0.0
1738210946,160.934,160.947,0.0,0,1738210946107,134,0.0
1738210947,160.932,160.945,0.0,0,1738210947077,134,0.0
1738210948,160.931,160.944,0.0,0,1738210948067,134,0.0
1738210949,160.933,160.946,0.0,0,1738210949716,134,0.0
1738210950,160.926,160.939,0.0,0,1738210950051,134,0.0
1738210950,160.925,160.938,0.0,0,1738210950053,134,0.0
1738210950,160.927,160.94,0.0,0,1738210950377,134,0.0
1738210950,160.926,160.939,0.0,0,1738210950708,134,0.0
1738210950,160.927,160.94,0.0,0,1738210950755,134,0.0
1738210951,160.926,160.939,0.0,0,1738210951057,134,0.0
1738210951,160.925,160.938,0.0,0,1738210951714,134,0.0
1738210952,160.926,160.939,0.0,0,1738210952357,134,0.0
1738210952,160.925,160.938,0.0,0,1738210952689,134,0.0
1738210953,160.927,160.94,0.0,0,1738210953348,134,0.0
1738210953,160.926,160.939,0.0,0,1738210953688,134,0.0
1738210954,160.927,160.94,0.0,0,1738210954011,134,0.0
1738210955,160.928,160.941,0.0,0,1738210955328,134,0.0
1738210955,160.927,160.94,0.0,0,1738210955354,134,0.0
1738210956,160.928,160.941,0.0,0,1738210956010,134,0.0
1738210957,160.93,160.943,0.0,0,1738210957022,134,0.0
1738210957,160.931,160.944,0.0,0,1738210957322,134,0.0
1738210957,160.929,160.942,0.0,0,1738210957638,134,0.0
1738210958,160.928,160.941,0.0,0,1738210958626,134,0.0
1738210961,160.937,160.95,0.0,0,1738210961266,134,0.0
1738210961,160.936,160.949,0.0,0,1738210961310,134,0.0
1738210961,160.935,160.948,0.0,0,1738210961600,134,0.0
1738210963,160.934,160.947,0.0,0,1738210963280,134,0.0
1738210963,160.933,160.946,0.0,0,1738210963909,134,0.0
1738210964,160.929,160.942,0.0,0,1738210964242,134,0.0
1738210964,160.922,160.935,0.0,0,1738210964567,134,0.0
1738210964,160.924,160.937,0.0,0,1738210964898,134,0.0
1738210967,160.925,160.938,0.0,0,1738210967571,134,0.0
1738210968,160.924,160.937,0.0,0,1738210968197,134,0.0
1738210969,160.925,160.938,0.0,0,1738210969189,134,0.0
1738210969,160.924,160.937,0.0,0,1738210969516,134,0.0
1738210971,160.923,160.936,0.0,0,1738210971168,134,0.0
1738210971,160.922,160.935,0.0,0,1738210971510,134,0.0
1738210971,160.92,160.933,0.0,0,1738210971828,134,0.0
1738210974,160.919,160.932,0.0,0,1738210974799,134,0.0
1738210974,160.918,160.931,0.0,0,1738210974842,134,0.0
1738210975,160.917,160.93,0.0,0,1738210975458,134,0.0
1738210976,160.916,160.929,0.0,0,1738210976448,134,0.0
1738210976,160.914,160.927,0.0,0,1738210976461,134,0.0
1738210976,160.91,160.923,0.0,0,1738210976778,134,0.0
1738210978,160.913,160.926,0.0,0,1738210978426,134,0.0
1738210978,160.911,160.924,0.0,0,1738210978758,134,0.0
1738210979,160.916,160.929,0.0,0,1738210979416,134,0.0
1738210979,160.915,160.928,0.0,0,1738210979438,134,0.0
1738210979,160.913,160.926,0.0,0,1738210979747,134,0.0
1738210980,160.913,160.926,0.0,0,1738210980077,130,0.0
1738210981,160.914,160.927,0.0,0,1738210981728,134,0.0
1738210983,160.907,160.92,0.0,0,1738210983047,134,0.0
1738210983,160.905,160.918,0.0,0,1738210983378,134,0.0
1738210983,160.903,160.916,0.0,0,1738210983380,134,0.0
1738210983,160.888,160.901,0.0,0,1738210983708,134,0.0
1738210984,160.89,160.905,0.0,0,1738210984036,134,0.0
1738210984,160.896,160.911,0.0,0,1738210984698,134,0.0
1738210984,160.898,160.913,0.0,0,1738210984740,134,0.0
1738210985,160.894,160.911,0.0,0,1738210985043,134,0.0
1738210986,160.891,160.908,0.0,0,1738210986019,134,0.0
1738210986,160.893,160.91,0.0,0,1738210986053,134,0.0
1738210986,160.89,160.907,0.0,0,1738210986356,134,0.0
1738210986,160.891,160.908,0.0,0,1738210986676,134,0.0
1738210987,160.905,160.922,0.0,0,1738210987007,134,0.0
1738210987,160.909,160.926,0.0,0,1738210987340,134,0.0
1738210987,160.91,160.927,0.0,0,1738210987666,134,0.0
1738210987,160.911,160.928,0.0,0,1738210987998,134,0.0
1738210988,160.907,160.928,0.0,0,1738210988023,130,0.0
1738210988,160.913,160.934,0.0,0,1738210988987,134,0.0
1738210989,160.91,160.93,0.0,0,1738210989316,134,0.0
1738210989,160.912,160.932,0.0,0,1738210989647,134,0.0
1738210989,160.914,160.934,0.0,0,1738210989976,134,0.0
1738210990,160.913,160.933,0.0,0,1738210990638,134,0.0
1738210990,160.912,160.933,0.0,0,1738210990969,130,0.0
1738210991,160.914,160.934,0.0,0,1738210991001,134,0.0
1738210991,160.914,160.933,0.0,0,1738210991297,4,0.0
1738210991,160.915,160.934,0.0,0,1738210991660,134,0.0
1738210991,160.913,160.932,0.0,0,1738210991955,134,0.0
1738210991,160.914,160.933,0.0,0,1738210991962,134,0.0
1738210992,160.915,160.934,0.0,0,1738210992618,134,0.0
1738210992,160.916,160.935,0.0,0,1738210992946,134,0.0
1738210992,160.915,160.934,0.0,0,1738210992972,134,0.0
1738210993,160.914,160.933,0.0,0,1738210993277,134,0.0
1738210993,160.915,160.934,0.0,0,1738210993606,134,0.0
1738210994,160.919,160.937,0.0,0,1738210994268,134,0.0
1738210994,160.921,160.94,0.0,0,1738210994926,134,0.0
1738210995,160.92,160.939,0.0,0,1738210995257,134,0.0
1738210996,160.922,160.94,0.0,0,1738210996576,134,0.0
1738210996,160.921,160.94,0.0,0,1738210996906,130,0.0
1738210997,160.919,160.937,0.0,0,1738210997238,134,0.0
1738210997,160.919,160.938,0.0,0,1738210997269,4,0.0
1738210997,160.918,160.937,0.0,0,1738210997571,134,0.0
1738210997,160.921,160.939,0.0,0,1738210997898,134,0.0
1738210997,160.92,160.939,0.0,0,1738210997926,130,0.0
1738210998,160.932,160.951,0.0,0,1738210998230,134,0.0
1738210998,160.932,160.95,0.0,0,1738210998557,4,0.0
1738210998,160.937,160.955,0.0,0,1738210998582,134,0.0
1738210998,160.935,160.954,0.0,0,1738210998887,134,0.0
1738210999,160.93,160.951,0.0,0,1738210999217,134,0.0
1738210999,160.926,160.947,0.0,0,1738210999238,134,0.0
1738210999,160.923,160.944,0.0,0,1738210999547,134,0.0
1738211000,160.927,160.948,0.0,0,1738211000536,134,0.0
1738211003,160.929,160.95,0.0,0,1738211003835,134,0.0
1738211006,160.93,160.95,0.0,0,1738211006811,130,0.0
1738211007,160.929,160.95,0.0,0,1738211007136,130,0.0
1738211008,160.93,160.949,0.0,0,1738211008126,134,0.0
1738211008,160.932,160.951,0.0,0,1738211008457,134,0.0
1738211008,160.937,160.956,0.0,0,1738211008788,134,0.0
1738211009,160.937,160.958,0.0,0,1738211009116,4,0.0
1738211009,160.938,160.959,0.0,0,1738211009134,134,0.0
1738211009,160.937,160.958,0.0,0,1738211009447,134,0.0
1738211009,160.938,160.958,0.0,0,1738211009489,130,0.0
1738211009,160.939,160.959,0.0,0,1738211009777,134,0.0
1738211010,160.941,160.962,0.0,0,1738211010107,134,0.0
1738211010,160.945,160.966,0.0,0,1738211010146,134,0.0
1738211010,160.951,160.972,0.0,0,1738211010437,134,0.0
1738211011,160.95,160.971,0.0,0,1738211011096,134,0.0
1738211011,160.945,160.966,0.0,0,1738211011426,134,0.0
1738211011,160.948,160.969,0.0,0,1738211011754,134,0.0
1738211012,160.939,160.96,0.0,0,1738211012087,134,0.0
1738211012,160.938,160.959,0.0,0,1738211012417,134,0.0
1738211013,160.939,160.96,0.0,0,1738211013078,134,0.0
1738211014,160.936,160.957,0.0,0,1738211014064,134,0.0
1738211014,160.938,160.959,0.0,0,1738211014396,134,0.0
1738211014,160.937,160.958,0.0,0,1738211014727,134,0.0
1738211016,160.936,160.957,0.0,0,1738211016047,134,0.0
1738211016,160.938,160.959,0.0,0,1738211016056,134,0.0
1738211016,160.939,160.96,0.0,0,1738211016375,134,0.0
1738211016,160.935,160.956,0.0,0,1738211016707,134,0.0
1738211017,160.936,160.957,0.0,0,1738211017367,134,0.0
1738211018,160.939,160.959,0.0,0,1738211018076,134,0.0
1738211019,160.939,160.96,0.0,0,1738211019017,4,0.0
1738211019,160.938,160.959,0.0,0,1738211019349,134,0.0
1738211020,160.937,160.958,0.0,0,1738211020007,134,0.0
1738211020,160.937,160.957,0.0,0,1738211020337,4,0.0
1738211020,160.937,160.958,0.0,0,1738211020350,4,0.0
1738211020,160.94,160.961,0.0,0,1738211020670,134,0.0
1738211020,160.936,160.957,0.0,0,1738211020702,134,0.0
1738211020,160.938,160.959,0.0,0,1738211020997,134,0.0
1738211021,160.939,160.96,0.0,0,1738211021005,134,0.0
1738211021,160.941,160.96,0.0,0,1738211021328,130,0.0
1738211021,160.94,160.959,0.0,0,1738211021360,134,0.0
1738211021,160.938,160.957,0.0,0,1738211021988,134,0.0
1738211022,160.94,160.959,0.0,0,1738211022646,134,0.0
1738211024,160.941,160.959,0.0,0,1738211024297,130,0.0
1738211025,160.935,160.954,0.0,0,1738211025288,134,0.0
1738211025,160.935,160.953,0.0,0,1738211025301,4,0.0
1738211025,160.934,160.953,0.0,0,1738211025617,130,0.0
1738211025,160.934,160.952,0.0,0,1738211025946,4,0.0
1738211026,160.933,160.952,0.0,0,1738211026277,130,0.0
1738211026,160.934,160.952,0.0,0,1738211026616,130,0.0
1738211026,160.936,160.954,0.0,0,1738211026970,134,0.0
1738211027,160.925,160.943,0.0,0,1738211027268,134,0.0
1738211027,160.926,160.945,0.0,0,1738211027274,134,0.0
1738211027,160.926,160.944,0.0,0,1738211027597,4,0.0
1738211027,160.926,160.945,0.0,0,1738211027928,4,0.0
1738211029,160.928,160.947,0.0,0,1738211029905,134,0.0
1738211029,160.933,160.951,0.0,0,1738211029953,134,0.0
1738211030,160.931,160.95,0.0,0,1738211030238,134,0.0
1738211030,160.931,160.949,0.0,0,1738211030566,4,0.0
1738211030,160.933,160.951,0.0,0,1738211030897,134,0.0
1738211031,160.931,160.95,0.0,0,1738211031226,134,0.0
1738211031,160.933,160.951,0.0,0,1738211031264,134,0.0
1738211031,160.933,160.952,0.0,0,1738211031555,4,0.0
1738211031,160.933,160.951,0.0,0,1738211031887,4,0.0
1738211032,160.925,160.943,0.0,0,1738211032217,134,0.0
1738211032,160.924,160.943,0.0,0,1738211032546,130,0.0
1738211033,160.924,160.942,0.0,0,1738211033234,4,0.0
1738211033,160.928,160.947,0.0,0,1738211033535,134,0.0
1738211034,160.929,160.948,0.0,0,1738211034196,134,0.0
1738211034,160.929,160.947,0.0,0,1738211034242,4,0.0
1738211034,160.929,160.948,0.0,0,1738211034527,4,0.0
1738211034,160.926,160.944,0.0,0,1738211034899,134,0.0
1738211035,160.929,160.947,0.0,0,1738211035186,134,0.0
1738211035,160.927,160.945,0.0,0,1738211035518,134,0.0
1738211035,160.924,160.943,0.0,0,1738211035555,134,0.0
1738211036,160.924,160.942,0.0,0,1738211036212,4,0.0
1738211036,160.915,160.934,0.0,0,1738211036506,134,0.0
1738211036,160.92,160.938,0.0,0,1738211036515,134,0.0
1738211036,160.919,160.937,0.0,0,1738211036837,134,0.0
1738211037,160.917,160.935,0.0,0,1738211037166,134,0.0
1738211037,160.917,160.936,0.0,0,1738211037497,4,0.0
1738211037,160.917,160.935,0.0,0,1738211037828,4,0.0
1738211039,160.917,160.936,0.0,0,1738211039146,4,0.0
1738211039,160.917,160.935,0.0,0,1738211039478,4,0.0
1738211039,160.914,160.932,0.0,0,1738211039494,134,0.0
1738211039,160.918,160.936,0.0,0,1738211039808,134,0.0
1738211040,160.918,160.935,0.0,0,1738211040138,134,0.0
1738211041,160.917,160.934,0.0,0,1738211041787,134,0.0
1738211042,160.908,160.925,0.0,0,1738211042117,134,0.0
1738211042,160.913,160.93,0.0,0,1738211042119,134,0.0
1738211042,160.911,160.928,0.0,0,1738211042446,134,0.0
1738211042,160.915,160.932,0.0,0,1738211042775,134,0.0
1738211044,160.915,160.931,0.0,0,1738211044097,4,0.0
1738211044,160.915,160.932,0.0,0,1738211044427,4,0.0
1738211044,160.916,160.932,0.0,0,1738211044757,130,0.0
1738211045,160.912,160.927,0.0,0,1738211045088,134,0.0
1738211045,160.916,160.931,0.0,0,1738211045096,134,0.0
1738211045,160.915,160.93,0.0,0,1738211045417,134,0.0
1738211045,160.917,160.932,0.0,0,1738211045447,134,0.0
1738211045,160.919,160.934,0.0,0,1738211045748,134,0.0
1738211046,160.913,160.928,0.0,0,1738211046075,134,0.0
1738211046,160.917,160.932,0.0,0,1738211046407,134,0.0
1738211046,160.918,160.933,0.0,0,1738211046734,134,0.0
1738211047,160.917,160.932,0.0,0,1738211047067,134,0.0
1738211047,160.918,160.933,0.0,0,1738211047725,134,0.0
1738211048,160.914,160.929,0.0,0,1738211048072,134,0.0
1738211048,160.917,160.932,0.0,0,1738211048387,134,0.0
1738211048,160.918,160.933,0.0,0,1738211048717,134,0.0
1738211049,160.918,160.932,0.0,0,1738211049378,4,0.0
1738211049,160.918,160.933,0.0,0,1738211049386,4,0.0
1738211050,160.916,160.931,0.0,0,1738211050037,134,0.0
1738211050,160.917,160.93,0.0,0,1738211050042,134,0.0
1738211050,160.915,160.928,0.0,0,1738211050367,134,0.0
1738211050,160.918,160.931,0.0,0,1738211050397,134,0.0
1738211050,160.917,160.93,0.0,0,1738211050695,134,0.0
1738211051,160.915,160.928,0.0,0,1738211051027,134,0.0
1738211051,160.918,160.931,0.0,0,1738211051355,134,0.0
1738211051,160.916,160.929,0.0,0,1738211051363,134,0.0
1738211051,160.917,160.93,0.0,0,1738211051685,134,0.0
1738211052,160.912,160.925,0.0,0,1738211052017,134,0.0
1738211052,160.913,160.926,0.0,0,1738211052345,134,0.0
1738211052,160.916,160.929,0.0,0,1738211052678,134,0.0
1738211054,160.915,160.928,0.0,0,1738211054326,134,0.0
1738211055,160.933,160.946,0.0,0,1738211055318,134,0.0
1738211055,160.929,160.942,0.0,0,1738211055353,134,0.0
1738211055,160.93,160.943,0.0,0,1738211055648,134,0.0
1738211056,160.929,160.946,0.0,0,1738211056307,134,0.0
1738211056,160.93,160.947,0.0,0,1738211056636,134,0.0
1738211057,160.939,160.955,0.0,0,1738211057296,134,0.0
1738211057,160.942,160.958,0.0,0,1738211057626,134,0.0
1738211057,160.943,160.959,0.0,0,1738211057636,134,0.0
1738211057,160.936,160.953,0.0,0,1738211057957,134,0.0
1738211058,160.938,160.954,0.0,0,1738211058286,134,0.0
1738211059,160.944,160.959,0.0,0,1738211059276,134,0.0
1738211059,160.95,160.965,0.0,0,1738211059603,134,0.0
1738211059,160.953,160.968,0.0,0,1738211059937,134,0.0
1738211059,160.961,160.976,0.0,0,1738211059949,134,0.0
1738211060,160.966,160.989,0.0,0,1738211060268,134,0.0
1738211060,160.965,160.988,0.0,0,1738211060928,134,0.0
1738211061,160.966,160.989,0.0,0,1738211061255,134,0.0
1738211061,160.967,160.99,0.0,0,1738211061262,134,0.0
1738211061,160.966,160.989,0.0,0,1738211061585,134,0.0
1738211062,160.96,160.983,0.0,0,1738211062246,134,0.0
1738211062,160.962,160.985,0.0,0,1738211062273,134,0.0
1738211062,160.957,160.98,0.0,0,1738211062577,134,0.0
1738211062,160.956,160.979,0.0,0,1738211062578,134,0.0
1738211062,160.954,160.977,0.0,0,1738211062908,134,0.0
1738211062,160.961,160.984,0.0,0,1738211062932,134,0.0
1738211063,160.958,160.981,0.0,0,1738211063239,134,0.0
1738211063,160.953,160.976,0.0,0,1738211063897,134,0.0
1738211064,160.947,160.97,0.0,0,1738211064226,134,0.0
1738211064,160.962,160.985,0.0,0,1738211064554,134,0.0
1738211064,160.96,160.983,0.0,0,1738211064598,134,0.0
1738211064,160.952,160.975,0.0,0,1738211064885,134,0.0
1738211065,160.956,160.979,0.0,0,1738211065218,134,0.0
1738211065,160.949,160.972,0.0,0,1738211065546,134,0.0
1738211065,160.95,160.973,0.0,0,1738211065874,134,0.0
1738211066,160.951,160.974,0.0,0,1738211066536,134,0.0
1738211066,160.946,160.969,0.0,0,1738211066865,134,0.0
1738211067,160.947,160.97,0.0,0,1738211067195,134,0.0
1738211067,160.948,160.971,0.0,0,1738211067856,134,0.0
1738211068,160.949,160.972,0.0,0,1738211068846,134,0.0
1738211069,160.948,160.971,0.0,0,1738211069179,134,0.0
1738211069,160.947,160.97,0.0,0,1738211069194,134,0.0
1738211069,160.951,160.974,0.0,0,1738211069508,134,0.0
1738211069,160.952,160.975,0.0,0,1738211069550,134,0.0
1738211070,160.959,160.982,0.0,0,1738211070167,134,0.0
1738211071,160.958,160.981,0.0,0,1738211071156,134,0.0
1738211071,160.962,160.985,0.0,0,1738211071513,134,0.0
1738211071,160.961,160.984,0.0,0,1738211071818,134,0.0
1738211072,160.951,160.974,0.0,0,1738211072146,134,0.0
1738211072,160.95,160.973,0.0,0,1738211072171,134,0.0
1738211072,160.951,160.974,0.0,0,1738211072476,134,0.0
1738211073,160.952,160.975,0.0,0,1738211073136,134,0.0
1738211073,160.96,160.983,0.0,0,1738211073183,134,0.0
1738211073,160.95,160.973,0.0,0,1738211073467,134,0.0
1738211073,160.942,160.965,0.0,0,1738211073486,134,0.0
1738211073,160.96,160.983,0.0,0,1738211073800,134,0.0
1738211073,160.962,160.985,0.0,0,1738211073839,134,0.0
1738211074,160.958,160.981,0.0,0,1738211074126,134,0.0
1738211074,160.959,160.982,0.0,0,1738211074141,134,0.0
1738211074,160.96,160.983,0.0,0,1738211074457,134,0.0
1738211074,160.959,160.982,0.0,0,1738211074785,134,0.0
1738211075,160.957,160.98,0.0,0,1738211075446,134,0.0
1738211075,160.958,160.981,0.0,0,1738211075457,134,0.0
1738211075,160.949,160.972,0.0,0,1738211075776,134,0.0
1738211075,160.955,160.978,0.0,0,1738211075812,134,0.0
1738211076,160.96,160.983,0.0,0,1738211076107,134,0.0
1738211076,160.953,160.976,0.0,0,1738211076112,134,0.0
1738211076,160.959,160.982,0.0,0,1738211076435,134,0.0
1738211077,160.953,160.976,0.0,0,1738211077097,134,0.0
1738211077,160.955,160.978,0.0,0,1738211077427,134,0.0
1738211077,160.954,160.977,0.0,0,1738211077755,134,0.0
1738211077,160.953,160.976,0.0,0,1738211077779,134,0.0
1738211078,160.955,160.978,0.0,0,1738211078088,134,0.0
1738211078,160.954,160.977,0.0,0,1738211078132,134,0.0
1738211078,160.953,160.976,0.0,0,1738211078438,134,0.0
1738211078,160.954,160.977,0.0,0,1738211078746,134,0.0
1738211079,160.962,160.985,0.0,0,1738211079147,134,0.0
1738211079,160.96,160.983,0.0,0,1738211079406,134,0.0
1738211079,160.962,160.985,0.0,0,1738211079738,134,0.0
1738211080,160.955,160.978,0.0,0,1738211080068,134,0.0
1738211080,160.959,160.982,0.0,0,1738211080395,134,0.0
1738211080,160.96,160.983,0.0,0,1738211080404,134,0.0
1738211081,160.959,160.982,0.0,0,1738211081056,134,0.0
1738211081,160.96,160.983,0.0,0,1738211081066,134,0.0
1738211081,160.953,160.976,0.0,0,1738211081384,134,0.0
1738211081,160.952,160.975,0.0,0,1738211081720,134,0.0
1738211082,160.944,160.967,0.0,0,1738211082046,134,0.0
1738211082,160.947,160.97,0.0,0,1738211082377,134,0.0
1738211083,160.945,160.968,0.0,0,1738211083385,134,0.0
1738211083,160.958,160.981,0.0,0,1738211083696,134,0.0
1738211083,160.955,160.978,0.0,0,1738211083736,134,0.0
1738211084,160.96,160.983,0.0,0,1738211084025,134,0.0
1738211084,160.955,160.978,0.0,0,1738211084358,134,0.0
1738211085,160.95,160.973,0.0,0,1738211085017,134,0.0
1738211085,160.957,160.98,0.0,0,1738211085347,134,0.0
1738211085,160.956,160.979,0.0,0,1738211085677,134,0.0
1738211086,160.957,160.98,0.0,0,1738211086335,134,0.0
1738211086,160.958,160.981,0.0,0,1738211086666,134,0.0
1738211086,160.962,160.985,0.0,0,1738211086996,134,0.0
1738211087,160.961,160.984,0.0,0,1738211087016,134,0.0
1738211088,160.959,160.982,0.0,0,1738211088314,134,0.0
1738211088,160.958,160.981,0.0,0,1738211088978,134,0.0
1738211090,160.96,160.983,0.0,0,1738211090626,134,0.0
1738211093,160.958,160.981,0.0,0,1738211093633,134,0.0
1738211093,160.959,160.982,0.0,0,1738211093926,134,0.0
1738211094,160.957,160.98,0.0,0,1738211094257,134,0.0
1738211094,160.956,160.979,0.0,0,1738211094586,134,0.0
1738211094,160.957,160.98,0.0,0,1738211094918,134,0.0
1738211095,160.955,160.978,0.0,0,1738211095248,134,0.0
1738211095,160.954,160.977,0.0,0,1738211095253,134,0.0
1738211095,160.953,160.976,0.0,0,1738211095575,134,0.0
1738211097,160.952,160.975,0.0,0,1738211097557,134,0.0
1738211100,160.952,160.975,0.0,0,1738211100197,130,0.0
1738211100,160.951,160.974,0.0,0,1738211100527,134,0.0
1738211100,160.952,160.975,0.0,0,1738211100857,134,0.0
1738211101,160.96,160.983,0.0,0,1738211101186,134,0.0
1738211102,160.959,160.982,0.0,0,1738211102181,134,0.0
1738211106,160.964,160.987,0.0,0,1738211106466,134,0.0
1738211106,160.967,160.99,0.0,0,1738211106474,134,0.0
1738211106,160.968,160.991,0.0,0,1738211106798,134,0.0
1738211106,160.966,160.989,0.0,0,1738211106827,134,0.0
1738211107,160.96,160.983,0.0,0,1738211107128,134,0.0
1738211107,160.973,160.996,0.0,0,1738211107456,134,0.0
1738211107,160.975,160.998,0.0,0,1738211107484,134,0.0
1738211107,160.972,160.995,0.0,0,1738211107788,134,0.0
1738211108,160.965,160.988,0.0,0,1738211108446,134,0.0
1738211108,160.967,160.989,0.0,0,1738211108492,134,0.0
1738211108,160.963,160.985,0.0,0,1738211108777,134,0.0
1738211108,160.963,160.986,0.0,0,1738211108795,4,0.0
1738211109,160.956,160.979,0.0,0,1738211109768,134,0.0
1738211110,160.957,160.98,0.0,0,1738211110096,134,0.0
1738211110,160.955,160.978,0.0,0,1738211110756,134,0.0
1738211111,160.956,160.979,0.0,0,1738211111418,134,0.0
1738211111,160.955,160.978,0.0,0,1738211111745,134,0.0
1738211112,160.956,160.979,0.0,0,1738211112080,134,0.0
1738211115,160.957,160.98,0.0,0,1738211115707,134,0.0
1738211115,160.958,160.981,0.0,0,1738211115713,134,0.0
1738211116,160.959,160.981,0.0,0,1738211116065,130,0.0
1738211116,160.962,160.985,0.0,0,1738211116367,134,0.0
1738211117,160.967,160.989,0.0,0,1738211117027,134,0.0
1738211117,160.962,160.984,0.0,0,1738211117031,134,0.0
1738211117,160.961,160.984,0.0,0,1738211117355,130,0.0
1738211117,160.962,160.985,0.0,0,1738211117687,134,0.0
1738211118,160.969,160.992,0.0,0,1738211118036,134,0.0
1738211118,160.967,160.99,0.0,0,1738211118386,134,0.0
1738211118,160.968,160.991,0.0,0,1738211118678,134,0.0
1738211119,160.964,160.987,0.0,0,1738211119006,134,0.0
1738211119,160.966,160.989,0.0,0,1738211119046,134,0.0
1738211119,160.972,160.995,0.0,0,1738211119336,134,0.0
1738211119,160.967,160.99,0.0,0,1738211119667,134,0.0
1738211120,160.973,160.996,0.0,0,1738211120326,134,0.0
1738211121,160.972,160.995,0.0,0,1738211121976,134,0.0
1738211122,160.973,160.996,0.0,0,1738211122967,134,0.0
1738211122,160.974,160.997,0.0,0,1738211122985,134,0.0
1738211123,160.977,161.0,0.0,0,1738211123301,134,0.0
1738211123,160.976,160.998,0.0,0,1738211123625,134,0.0
1738211124,160.973,160.995,0.0,0,1738211124287,134,0.0
1738211124,160.972,160.994,0.0,0,1738211124616,134,0.0
1738211124,160.972,160.995,0.0,0,1738211124946,4,0.0
1738211125,160.971,160.994,0.0,0,1738211125936,134,0.0
1738211126,160.97,160.993,0.0,0,1738211126266,134,0.0
1738211126,160.969,160.992,0.0,0,1738211126269,134,0.0
1738211126,160.972,160.994,0.0,0,1738211126593,134,0.0
1738211126,160.972,160.995,0.0,0,1738211126925,4,0.0
1738211127,160.977,160.998,0.0,0,1738211127256,134,0.0
1738211127,160.984,161.005,0.0,0,1738211127585,134,0.0
1738211127,160.978,160.999,0.0,0,1738211127915,134,0.0
1738211128,160.983,161.004,0.0,0,1738211128589,134,0.0
1738211129,160.984,161.005,0.0,0,1738211129238,134,0.0
1738211129,160.983,161.004,0.0,0,1738211129247,134,0.0
1738211129,160.985,161.006,0.0,0,1738211129567,134,0.0
1738211130,160.982,161.003,0.0,0,1738211130227,134,0.0
1738211130,160.985,161.006,0.0,0,1738211130565,134,0.0
1738211131,160.984,161.005,0.0,0,1738211131216,134,0.0
1738211131,160.985,161.006,0.0,0,1738211131877,134,0.0
1738211132,160.984,161.004,0.0,0,1738211132208,134,0.0
1738211132,160.981,161.002,0.0,0,1738211132227,134,0.0
1738211132,160.983,161.003,0.0,0,1738211132867,134,0.0
1738211133,160.982,161.003,0.0,0,1738211133197,130,0.0
1738211133,160.982,161.002,0.0,0,1738211133526,4,0.0
1738211133,160.983,161.004,0.0,0,1738211133858,134,0.0
1738211134,160.983,161.003,0.0,0,1738211134517,4,0.0
1738211134,160.982,161.003,0.0,0,1738211134553,130,0.0
1738211134,160.983,161.003,0.0,0,1738211134845,130,0.0
1738211135,160.982,161.003,0.0,0,1738211135177,130,0.0
1738211135,160.983,161.003,0.0,0,1738211135506,130,0.0
1738211136,160.983,161.002,0.0,0,1738211136164,4,0.0
1738211138,160.979,160.998,0.0,0,1738211138491,134,0.0
1738211138,160.977,160.996,0.0,0,1738211138804,134,0.0
1738211139,160.978,160.996,0.0,0,1738211139136,130,0.0
1738211140,160.976,160.995,0.0,0,1738211140126,134,0.0
1738211141,160.976,160.994,0.0,0,1738211141117,4,0.0
1738211142,160.977,160.996,0.0,0,1738211142108,134,0.0
1738211142,160.979,160.997,0.0,0,1738211142437,134,0.0
1738211142,160.978,160.996,0.0,0,1738211142486,134,0.0
1738211142,160.98,160.999,0.0,0,1738211142767,134,0.0
1738211143,160.979,160.998,0.0,0,1738211143097,134,0.0
1738211144,160.98,160.997,0.0,0,1738211144084,134,0.0
1738211145,160.979,160.996,0.0,0,1738211145075,134,0.0
1738211147,160.98,160.996,0.0,0,1738211147386,130,0.0
1738211148,160.979,160.996,0.0,0,1738211148046,130,0.0
1738211149,160.983,161.0,0.0,0,1738211149037,134,0.0
1738211149,160.984,160.999,0.0,0,1738211149052,134,0.0
1738211151,160.973,160.988,0.0,0,1738211151016,134,0.0
1738211151,160.972,160.987,0.0,0,1738211151345,134,0.0
1738211152,160.972,160.989,0.0,0,1738211152336,4,0.0
1738211152,160.971,160.988,0.0,0,1738211152995,134,0.0
1738211153,160.972,160.989,0.0,0,1738211153040,134,0.0
1738211153,160.972,160.988,0.0,0,1738211153655,4,0.0
1738211153,160.973,160.989,0.0,0,1738211153984,134,0.0
1738211154,160.972,160.988,0.0,0,1738211154316,134,0.0
1738211155,160.973,160.99,0.0,0,1738211155311,134,0.0
1738211155,160.972,160.989,0.0,0,1738211155633,134,0.0
1738211155,160.971,160.988,0.0,0,1738211155964,134,0.0
1738211156,160.971,160.986,0.0,0,1738211156294,4,0.0
1738211156,160.969,160.984,0.0,0,1738211156956,134,0.0
1738211158,160.97,160.984,0.0,0,1738211158278,130,0.0
1738211158,160.966,160.981,0.0,0,1738211158604,134,0.0
1738211159,160.966,160.98,0.0,0,1738211159265,4,0.0
1738211159,160.967,160.981,0.0,0,1738211159595,134,0.0
1738211159,160.965,160.979,0.0,0,1738211159926,134,0.0
1738211159,160.964,160.979,0.0,0,1738211159958,130,0.0
1738211160,160.96,160.974,0.0,0,1738211160255,134,0.0
1738211160,160.96,160.975,0.0,0,1738211160265,4,0.0
1738211160,160.965,160.979,0.0,0,1738211160584,134,0.0
1738211161,160.958,160.972,0.0,0,1738211161243,134,0.0
1738211161,160.957,160.971,0.0,0,1738211161576,134,0.0
1738211162,160.944,160.959,0.0,0,1738211162234,134,0.0
1738211162,160.945,160.96,0.0,0,1738211162565,134,0.0
1738211163,160.952,160.969,0.0,0,1738211163226,134,0.0
1738211163,160.954,160.971,0.0,0,1738211163246,134,0.0
1738211163,160.953,160.97,0.0,0,1738211163556,134,0.0
1738211163,160.95,160.967,0.0,0,1738211163602,134,0.0
1738211163,160.941,160.958,0.0,0,1738211163885,134,0.0
1738211163,160.942,160.959,0.0,0,1738211163907,134,0.0
1738211164,160.947,160.965,0.0,0,1738211164215,134,0.0
1738211164,160.95,160.969,0.0,0,1738211164875,134,0.0
1738211165,160.96,160.979,0.0,0,1738211165206,134,0.0
1738211165,160.952,160.97,0.0,0,1738211165534,134,0.0
1738211165,160.957,160.975,0.0,0,1738211165573,134,0.0
1738211166,160.948,160.967,0.0,0,1738211166196,134,0.0
1738211166,160.956,160.975,0.0,0,1738211166524,134,0.0
1738211166,160.96,160.979,0.0,0,1738211166534,134,0.0
1738211166,160.963,160.982,0.0,0,1738211166857,134,0.0
1738211167,160.962,160.983,0.0,0,1738211167185,134,0.0
1738211167,160.952,160.973,0.0,0,1738211167845,134,0.0
1738211168,160.953,160.975,0.0,0,1738211168177,134,0.0
1738211168,160.962,160.984,0.0,0,1738211168860,134,0.0
1738211169,160.953,160.975,0.0,0,1738211169494,134,0.0
1738211171,160.952,160.975,0.0,0,1738211171145,130,0.0
1738211172,160.962,160.985,0.0,0,1738211172804,134,0.0
1738211173,160.963,160.986,0.0,0,1738211173124,134,0.0
1738211173,160.956,160.978,0.0,0,1738211173153,134,0.0
1738211173,160.955,160.978,0.0,0,1738211173457,130,0.0
1738211173,160.958,160.98,0.0,0,1738211173459,134,0.0
1738211173,160.962,160.984,0.0,0,1738211173784,134,0.0
1738211174,160.967,160.989,0.0,0,1738211174116,134,0.0
1738211174,160.966,160.989,0.0,0,1738211174446,130,0.0
1738211174,160.966,160.988,0.0,0,1738211174468,4,0.0
1738211174,160.958,160.98,0.0,0,1738211174774,134,0.0
1738211175,160.957,160.98,0.0,0,1738211175106,130,0.0
1738211175,160.955,160.978,0.0,0,1738211175436,134,0.0
1738211175,160.954,160.977,0.0,0,1738211175765,134,0.0
1738211175,160.955,160.978,0.0,0,1738211175778,134,0.0
