time,bid,ask,last,volume,time_msc,flags,volume_real
1740645966,0.6298,0.62989,0.0,0,1740645966282,134,0.0
1740645975,0.62981,0.6299,0.0,0,1740645975351,134,0.0
1740645976,0.62982,0.62991,0.0,0,1740645976384,134,0.0
1740645976,0.62981,0.6299,0.0,0,1740645976495,134,0.0
1740645977,0.6298,0.62989,0.0,0,1740645977614,134,0.0
1740645977,0.62979,0.62988,0.0,0,1740645977854,134,0.0
1740645978,0.62978,0.62987,0.0,0,1740645978855,134,0.0
1740645982,0.62977,0.62986,0.0,0,1740645982172,134,0.0
1740645984,0.62976,0.62985,0.0,0,1740645984783,134,0.0
1740645989,0.62978,0.62987,0.0,0,1740645989255,134,0.0
1740645990,0.62976,0.62985,0.0,0,1740645990538,134,0.0
1740645994,0.62975,0.62984,0.0,0,1740645994950,134,0.0
1740645996,0.62974,0.62983,0.0,0,1740645996084,134,0.0
1740645998,0.62975,0.62984,0.0,0,1740645998481,134,0.0
1740645999,0.62973,0.62982,0.0,0,1740645999279,134,0.0
1740645999,0.62972,0.62981,0.0,0,1740645999343,134,0.0
1740645999,0.6297,0.62979,0.0,0,1740645999385,134,0.0
1740646000,0.62971,0.6298,0.0,0,1740646000977,134,0.0
1740646002,0.62972,0.62981,0.0,0,1740646002129,134,0.0
1740646003,0.62971,0.6298,0.0,0,1740646003403,134,0.0
1740646003,0.62972,0.62981,0.0,0,1740646003611,134,0.0
1740646004,0.62973,0.62982,0.0,0,1740646004953,134,0.0
1740646007,0.62974,0.62983,0.0,0,1740646007958,134,0.0
1740646007,0.62976,0.62985,0.0,0,1740646007973,134,0.0
1740646007,0.62977,0.62986,0.0,0,1740646007988,134,0.0
1740646009,0.62976,0.62985,0.0,0,1740646009035,134,0.0
1740646011,0.62977,0.62986,0.0,0,1740646011116,134,0.0
1740646012,0.62979,0.62988,0.0,0,1740646012779,134,0.0
1740646015,0.62978,0.62987,0.0,0,1740646015110,134,0.0
1740646015,0.62977,0.62986,0.0,0,1740646015758,134,0.0
1740646016,0.62978,0.62987,0.0,0,1740646016790,134,0.0
1740646018,0.62977,0.62986,0.0,0,1740646018180,134,0.0
1740646020,0.62977,0.62986,0.0,0,1740646020484,130,0.0
1740646022,0.62978,0.62987,0.0,0,1740646022410,134,0.0
1740646037,0.62976,0.62985,0.0,0,1740646037157,134,0.0
1740646040,0.62977,0.62986,0.0,0,1740646040179,134,0.0
1740646040,0.62978,0.62987,0.0,0,1740646040199,134,0.0
1740646040,0.6298,0.62989,0.0,0,1740646040224,134,0.0
1740646040,0.62981,0.6299,0.0,0,1740646040282,134,0.0
1740646041,0.6298,0.62989,0.0,0,1740646041046,134,0.0
1740646041,0.62982,0.62991,0.0,0,1740646041403,134,0.0
1740646042,0.62984,0.62993,0.0,0,1740646042968,134,0.0
1740646044,0.62985,0.62994,0.0,0,1740646044120,134,0.0
1740646046,0.62986,0.62995,0.0,0,1740646046217,134,0.0
1740646047,0.62984,0.62993,0.0,0,1740646047643,134,0.0
1740646047,0.62983,0.62992,0.0,0,1740646047842,134,0.0
1740646049,0.62984,0.62993,0.0,0,1740646049640,134,0.0
1740646050,0.62985,0.62994,0.0,0,1740646050874,134,0.0
1740646053,0.62983,0.62992,0.0,0,1740646053206,134,0.0
1740646054,0.62984,0.62993,0.0,0,1740646054305,134,0.0
1740646054,0.62982,0.62991,0.0,0,1740646054861,134,0.0
1740646055,0.62981,0.6299,0.0,0,1740646055035,134,0.0
1740646057,0.62982,0.62991,0.0,0,1740646057657,134,0.0
1740646068,0.62981,0.6299,0.0,0,1740646068481,134,0.0
1740646068,0.6298,0.62989,0.0,0,1740646068529,134,0.0
1740646069,0.62978,0.62987,0.0,0,1740646069624,134,0.0
1740646077,0.62979,0.62988,0.0,0,1740646077166,134,0.0
1740646078,0.6298,0.62989,0.0,0,1740646078190,134,0.0
1740646079,0.62979,0.62988,0.0,0,1740646079511,134,0.0
1740646080,0.62979,0.62988,0.0,0,1740646080515,130,0.0
1740646090,0.6298,0.62989,0.0,0,1740646090001,134,0.0
1740646095,0.62979,0.62988,0.0,0,1740646095365,134,0.0
1740646105,0.6298,0.62989,0.0,0,1740646105440,134,0.0
1740646105,0.62981,0.6299,0.0,0,1740646105654,134,0.0
1740646105,0.62983,0.62992,0.0,0,1740646105712,134,0.0
1740646106,0.62984,0.62993,0.0,0,1740646106989,134,0.0
1740646110,0.62986,0.62995,0.0,0,1740646110991,134,0.0
1740646111,0.62987,0.62996,0.0,0,1740646111048,134,0.0
1740646112,0.62986,0.62995,0.0,0,1740646112170,134,0.0
1740646113,0.62987,0.62996,0.0,0,1740646113203,134,0.0
1740646115,0.62985,0.62994,0.0,0,1740646115346,134,0.0
1740646129,0.62983,0.62992,0.0,0,1740646129328,134,0.0
1740646129,0.62982,0.62991,0.0,0,1740646129449,134,0.0
1740646129,0.62981,0.6299,0.0,0,1740646129600,134,0.0
1740646130,0.6298,0.62989,0.0,0,1740646130987,134,0.0
1740646134,0.62982,0.62991,0.0,0,1740646134432,134,0.0
1740646136,0.62983,0.62992,0.0,0,1740646136173,134,0.0
1740646137,0.62985,0.62994,0.0,0,1740646137390,134,0.0
1740646139,0.62983,0.62992,0.0,0,1740646139355,134,0.0
1740646140,0.62983,0.62992,0.0,0,1740646140366,130,0.0
1740646141,0.62984,0.62993,0.0,0,1740646141389,134,0.0
1740646143,0.62985,0.62994,0.0,0,1740646143351,134,0.0
1740646148,0.62984,0.62993,0.0,0,1740646148035,134,0.0
1740646153,0.62983,0.62992,0.0,0,1740646153670,134,0.0
1740646155,0.62982,0.62991,0.0,0,1740646155214,134,0.0
1740646157,0.62981,0.6299,0.0,0,1740646157578,134,0.0
1740646160,0.62982,0.62991,0.0,0,1740646160225,134,0.0
1740646161,0.62983,0.62992,0.0,0,1740646161553,134,0.0
1740646162,0.62984,0.62993,0.0,0,1740646162712,134,0.0
1740646163,0.62983,0.62992,0.0,0,1740646163818,134,0.0
1740646167,0.62984,0.62993,0.0,0,1740646167074,134,0.0
1740646170,0.62985,0.62994,0.0,0,1740646170507,134,0.0
1740646174,0.62986,0.62995,0.0,0,1740646174927,134,0.0
1740646176,0.62985,0.62994,0.0,0,1740646176173,134,0.0
1740646177,0.62984,0.62993,0.0,0,1740646177693,134,0.0
1740646185,0.62985,0.62994,0.0,0,1740646185065,134,0.0
1740646196,0.62984,0.62993,0.0,0,1740646196771,134,0.0
1740646197,0.62986,0.62995,0.0,0,1740646197756,134,0.0
1740646197,0.62987,0.62996,0.0,0,1740646197767,134,0.0
1740646197,0.62989,0.62998,0.0,0,1740646197901,134,0.0
1740646198,0.6299,0.62999,0.0,0,1740646198770,134,0.0
1740646198,0.62992,0.63001,0.0,0,1740646198793,134,0.0
1740646201,0.6299,0.62999,0.0,0,1740646201090,134,0.0
1740646203,0.62992,0.63001,0.0,0,1740646203330,134,0.0
1740646204,0.62994,0.63003,0.0,0,1740646204709,134,0.0
1740646206,0.62995,0.63004,0.0,0,1740646206416,134,0.0
1740646206,0.62997,0.63006,0.0,0,1740646206674,134,0.0
1740646208,0.62996,0.63005,0.0,0,1740646208787,134,0.0
1740646210,0.62995,0.63004,0.0,0,1740646210028,134,0.0
1740646210,0.62997,0.63006,0.0,0,1740646210245,134,0.0
1740646211,0.62996,0.63005,0.0,0,1740646211296,134,0.0
1740646212,0.62997,0.63006,0.0,0,1740646212365,134,0.0
1740646213,0.62996,0.63005,0.0,0,1740646213632,134,0.0
1740646214,0.62995,0.63004,0.0,0,1740646214681,134,0.0
1740646217,0.62996,0.63005,0.0,0,1740646217359,134,0.0
1740646218,0.62995,0.63004,0.0,0,1740646218804,134,0.0
1740646219,0.62996,0.63005,0.0,0,1740646219876,134,0.0
1740646221,0.62995,0.63004,0.0,0,1740646221119,134,0.0
1740646221,0.62997,0.63006,0.0,0,1740646221564,134,0.0
1740646221,0.62998,0.63007,0.0,0,1740646221980,134,0.0
1740646227,0.62996,0.63005,0.0,0,1740646227911,134,0.0
1740646230,0.62995,0.63004,0.0,0,1740646230088,134,0.0
1740646233,0.62996,0.63005,0.0,0,1740646233297,134,0.0
1740646234,0.62997,0.63006,0.0,0,1740646234755,134,0.0
1740646238,0.62996,0.63005,0.0,0,1740646238100,134,0.0
1740646240,0.62997,0.63006,0.0,0,1740646240186,134,0.0
1740646242,0.62996,0.63005,0.0,0,1740646242728,134,0.0
1740646244,0.62995,0.63004,0.0,0,1740646244835,134,0.0
1740646246,0.62996,0.63005,0.0,0,1740646246848,134,0.0
1740646246,0.62997,0.63006,0.0,0,1740646246904,134,0.0
1740646247,0.62999,0.63008,0.0,0,1740646247871,134,0.0
1740646247,0.63,0.63009,0.0,0,1740646247998,134,0.0
1740646251,0.63001,0.6301,0.0,0,1740646251929,134,0.0
1740646257,0.63,0.63009,0.0,0,1740646257318,134,0.0
1740646259,0.62999,0.63008,0.0,0,1740646259744,134,0.0
1740646261,0.62998,0.63007,0.0,0,1740646261169,134,0.0
1740646262,0.62999,0.63008,0.0,0,1740646262174,134,0.0
1740646263,0.62998,0.63007,0.0,0,1740646263245,134,0.0
1740646264,0.62999,0.63008,0.0,0,1740646264873,134,0.0
1740646267,0.62998,0.63007,0.0,0,1740646267350,134,0.0
1740646269,0.62997,0.63006,0.0,0,1740646269655,134,0.0
1740646269,0.62996,0.63005,0.0,0,1740646269699,134,0.0
1740646275,0.62994,0.63003,0.0,0,1740646275022,134,0.0
1740646276,0.62995,0.63004,0.0,0,1740646276093,134,0.0
1740646284,0.62996,0.63005,0.0,0,1740646284060,134,0.0
1740646291,0.62994,0.63003,0.0,0,1740646291390,134,0.0
1740646291,0.62993,0.63002,0.0,0,1740646291776,134,0.0
1740646292,0.62992,0.63001,0.0,0,1740646292898,134,0.0
1740646298,0.62993,0.63002,0.0,0,1740646298692,134,0.0
1740646301,0.62994,0.63003,0.0,0,1740646301313,134,0.0
1740646303,0.62993,0.63002,0.0,0,1740646303689,134,0.0
1740646306,0.62994,0.63003,0.0,0,1740646306380,134,0.0
1740646307,0.62993,0.63002,0.0,0,1740646307563,134,0.0
1740646309,0.62994,0.63003,0.0,0,1740646309651,134,0.0
1740646310,0.62993,0.63002,0.0,0,1740646310172,134,0.0
1740646311,0.62991,0.63,0.0,0,1740646311267,134,0.0
1740646312,0.6299,0.62999,0.0,0,1740646312306,134,0.0
1740646312,0.62988,0.62997,0.0,0,1740646312379,134,0.0
1740646315,0.62989,0.62998,0.0,0,1740646315258,134,0.0
1740646316,0.6299,0.62999,0.0,0,1740646316285,134,0.0
1740646321,0.6299,0.62999,0.0,0,1740646321353,130,0.0
1740646322,0.62989,0.62998,0.0,0,1740646322838,134,0.0
1740646323,0.62987,0.62996,0.0,0,1740646323947,134,0.0
1740646329,0.62988,0.62997,0.0,0,1740646329768,134,0.0
1740646330,0.62987,0.62996,0.0,0,1740646330134,134,0.0
1740646332,0.62988,0.62997,0.0,0,1740646332582,134,0.0
1740646332,0.6299,0.62999,0.0,0,1740646332679,134,0.0
1740646333,0.62991,0.63,0.0,0,1740646333525,134,0.0
1740646334,0.62992,0.63001,0.0,0,1740646334544,134,0.0
1740646335,0.6299,0.62999,0.0,0,1740646335415,134,0.0
1740646337,0.62991,0.63,0.0,0,1740646337768,134,0.0
1740646339,0.6299,0.62999,0.0,0,1740646339046,134,0.0
1740646344,0.62991,0.63,0.0,0,1740646344267,134,0.0
1740646345,0.6299,0.62999,0.0,0,1740646345374,134,0.0
1740646347,0.62991,0.63,0.0,0,1740646347441,134,0.0
1740646352,0.62989,0.62998,0.0,0,1740646352079,134,0.0
1740646354,0.6299,0.62999,0.0,0,1740646354360,134,0.0
1740646355,0.62989,0.62998,0.0,0,1740646355795,134,0.0
1740646359,0.62987,0.62996,0.0,0,1740646359135,134,0.0
1740646359,0.62986,0.62995,0.0,0,1740646359151,134,0.0
1740646360,0.62985,0.62994,0.0,0,1740646360164,134,0.0
1740646361,0.62984,0.62993,0.0,0,1740646361188,134,0.0
1740646362,0.62986,0.62995,0.0,0,1740646362400,134,0.0
1740646368,0.62987,0.62996,0.0,0,1740646368808,134,0.0
1740646375,0.62989,0.62998,0.0,0,1740646375647,134,0.0
1740646375,0.62987,0.62996,0.0,0,1740646375856,134,0.0
1740646376,0.62986,0.62995,0.0,0,1740646376181,134,0.0
1740646376,0.62984,0.62993,0.0,0,1740646376194,134,0.0
1740646376,0.62983,0.62992,0.0,0,1740646376296,134,0.0
1740646376,0.62981,0.6299,0.0,0,1740646376402,134,0.0
1740646377,0.62982,0.62991,0.0,0,1740646377424,134,0.0
1740646380,0.62983,0.62992,0.0,0,1740646380165,134,0.0
1740646381,0.62984,0.62993,0.0,0,1740646381193,134,0.0
1740646381,0.62985,0.62994,0.0,0,1740646381351,134,0.0
1740646383,0.62986,0.62995,0.0,0,1740646383240,134,0.0
1740646385,0.62985,0.62994,0.0,0,1740646385373,134,0.0
1740646390,0.62986,0.62995,0.0,0,1740646390040,134,0.0
1740646391,0.62985,0.62994,0.0,0,1740646391089,134,0.0
1740646400,0.62986,0.62995,0.0,0,1740646400374,134,0.0
1740646401,0.62984,0.62993,0.0,0,1740646401317,134,0.0
1740646403,0.62985,0.62994,0.0,0,1740646403751,134,0.0
1740646406,0.62984,0.62993,0.0,0,1740646406585,134,0.0
1740646410,0.62983,0.62992,0.0,0,1740646410113,134,0.0
1740646411,0.62982,0.62991,0.0,0,1740646411863,134,0.0
1740646411,0.6298,0.62989,0.0,0,1740646411921,134,0.0
1740646413,0.62979,0.62988,0.0,0,1740646413720,134,0.0
1740646416,0.62978,0.62987,0.0,0,1740646416911,134,0.0
1740646420,0.62977,0.62986,0.0,0,1740646420157,134,0.0
1740646420,0.62976,0.62985,0.0,0,1740646420828,134,0.0
1740646420,0.62975,0.62984,0.0,0,1740646420865,134,0.0
1740646421,0.62974,0.62983,0.0,0,1740646421924,134,0.0
1740646425,0.62975,0.62984,0.0,0,1740646425221,134,0.0
1740646438,0.62973,0.62982,0.0,0,1740646438714,134,0.0
1740646439,0.62972,0.62981,0.0,0,1740646439888,134,0.0
1740646441,0.62972,0.62981,0.0,0,1740646441859,130,0.0
1740646443,0.62974,0.62983,0.0,0,1740646443396,134,0.0
1740646445,0.62973,0.62982,0.0,0,1740646445452,134,0.0
1740646453,0.62974,0.62983,0.0,0,1740646453866,134,0.0
1740646458,0.62975,0.62984,0.0,0,1740646458966,134,0.0
1740646462,0.62974,0.62983,0.0,0,1740646462042,134,0.0
1740646462,0.62973,0.62982,0.0,0,1740646462684,134,0.0
1740646464,0.62972,0.62981,0.0,0,1740646464731,134,0.0
1740646468,0.62971,0.6298,0.0,0,1740646468897,134,0.0
1740646470,0.62972,0.62981,0.0,0,1740646470229,134,0.0
1740646473,0.62971,0.6298,0.0,0,1740646473383,134,0.0
1740646475,0.62972,0.62981,0.0,0,1740646475749,134,0.0
1740646477,0.62971,0.6298,0.0,0,1740646477444,134,0.0
1740646478,0.62972,0.62981,0.0,0,1740646478786,134,0.0
1740646484,0.62973,0.62982,0.0,0,1740646484256,134,0.0
1740646485,0.62974,0.62983,0.0,0,1740646485265,134,0.0
1740646486,0.62973,0.62982,0.0,0,1740646486390,134,0.0
1740646493,0.62972,0.62981,0.0,0,1740646493210,134,0.0
1740646496,0.62974,0.62983,0.0,0,1740646496041,134,0.0
1740646496,0.62975,0.62984,0.0,0,1740646496077,134,0.0
1740646496,0.62977,0.62986,0.0,0,1740646496180,134,0.0
1740646496,0.62978,0.62987,0.0,0,1740646496266,134,0.0
1740646500,0.62978,0.62987,0.0,0,1740646500577,130,0.0
1740646506,0.62979,0.62988,0.0,0,1740646506122,134,0.0
1740646506,0.62977,0.62986,0.0,0,1740646506253,134,0.0
1740646506,0.62976,0.62985,0.0,0,1740646506268,134,0.0
1740646506,0.62974,0.62983,0.0,0,1740646506296,134,0.0
1740646508,0.62973,0.62982,0.0,0,1740646508362,134,0.0
1740646511,0.62972,0.62981,0.0,0,1740646511580,134,0.0
1740646512,0.62971,0.6298,0.0,0,1740646512741,134,0.0
1740646513,0.62972,0.62981,0.0,0,1740646513768,134,0.0
1740646515,0.62973,0.62982,0.0,0,1740646515873,134,0.0
1740646527,0.62974,0.62983,0.0,0,1740646527669,134,0.0
1740646538,0.62975,0.62984,0.0,0,1740646538516,134,0.0
1740646538,0.62977,0.62986,0.0,0,1740646538645,134,0.0
1740646542,0.62978,0.62987,0.0,0,1740646542947,134,0.0
1740646543,0.62977,0.62986,0.0,0,1740646543960,134,0.0
1740646546,0.62976,0.62985,0.0,0,1740646546090,134,0.0
1740646546,0.62978,0.62987,0.0,0,1740646546228,134,0.0
1740646547,0.62979,0.62988,0.0,0,1740646547180,134,0.0
1740646547,0.62981,0.6299,0.0,0,1740646547688,134,0.0
1740646550,0.62982,0.62991,0.0,0,1740646550145,134,0.0
1740646551,0.62983,0.62992,0.0,0,1740646551158,134,0.0
1740646560,0.62983,0.62992,0.0,0,1740646560292,130,0.0
1740646565,0.62985,0.62994,0.0,0,1740646565010,134,0.0
1740646570,0.62984,0.62993,0.0,0,1740646570704,134,0.0
1740646572,0.62985,0.62994,0.0,0,1740646572909,134,0.0
1740646574,0.62986,0.62995,0.0,0,1740646574366,134,0.0
1740646578,0.62984,0.62993,0.0,0,1740646578904,134,0.0
1740646580,0.62985,0.62994,0.0,0,1740646580076,134,0.0
1740646591,0.62986,0.62995,0.0,0,1740646591483,134,0.0
1740646594,0.62985,0.62994,0.0,0,1740646594563,134,0.0
1740646600,0.62986,0.62995,0.0,0,1740646600046,134,0.0
1740646601,0.62985,0.62994,0.0,0,1740646601100,134,0.0
1740646605,0.62986,0.62995,0.0,0,1740646605869,134,0.0
1740646607,0.62987,0.62996,0.0,0,1740646607793,134,0.0
1740646612,0.62988,0.62997,0.0,0,1740646612722,134,0.0
1740646613,0.6299,0.62999,0.0,0,1740646613441,134,0.0
1740646614,0.62989,0.62998,0.0,0,1740646614553,134,0.0
1740646615,0.6299,0.62999,0.0,0,1740646615557,134,0.0
1740646619,0.62991,0.63,0.0,0,1740646619773,134,0.0
1740646621,0.62991,0.63,0.0,0,1740646621023,130,0.0
1740646625,0.6299,0.62999,0.0,0,1740646625006,134,0.0
1740646627,0.62991,0.63,0.0,0,1740646627880,134,0.0
1740646631,0.6299,0.62999,0.0,0,1740646631131,134,0.0
1740646633,0.62991,0.63,0.0,0,1740646633589,134,0.0
1740646634,0.6299,0.62999,0.0,0,1740646634606,134,0.0
1740646635,0.62989,0.62998,0.0,0,1740646635845,134,0.0
1740646643,0.6299,0.62999,0.0,0,1740646643214,134,0.0
1740646649,0.62989,0.62998,0.0,0,1740646649898,134,0.0
1740646651,0.62988,0.62997,0.0,0,1740646651665,134,0.0
1740646651,0.62987,0.62996,0.0,0,1740646651748,134,0.0
1740646651,0.62986,0.62995,0.0,0,1740646651975,134,0.0
1740646652,0.62984,0.62993,0.0,0,1740646652121,134,0.0
1740646652,0.62983,0.62992,0.0,0,1740646652756,134,0.0
1740646653,0.62982,0.62991,0.0,0,1740646653105,134,0.0
1740646654,0.62983,0.62992,0.0,0,1740646654915,134,0.0
1740646657,0.62984,0.62993,0.0,0,1740646657373,134,0.0
1740646657,0.62983,0.62992,0.0,0,1740646657419,134,0.0
1740646657,0.62981,0.6299,0.0,0,1740646657649,134,0.0
1740646659,0.6298,0.62989,0.0,0,1740646659173,134,0.0
1740646659,0.62982,0.62991,0.0,0,1740646659701,134,0.0
1740646660,0.62983,0.62992,0.0,0,1740646660248,134,0.0
1740646661,0.62984,0.62993,0.0,0,1740646661253,134,0.0
1740646671,0.62985,0.62994,0.0,0,1740646671437,134,0.0
1740646679,0.62984,0.62993,0.0,0,1740646679695,134,0.0
1740646680,0.62984,0.62993,0.0,0,1740646680742,130,0.0
1740646684,0.62985,0.62994,0.0,0,1740646684806,134,0.0
1740646689,0.62987,0.62996,0.0,0,1740646689178,134,0.0
1740646689,0.62988,0.62997,0.0,0,1740646689228,134,0.0
1740646690,0.62989,0.62998,0.0,0,1740646690247,134,0.0
1740646692,0.62988,0.62997,0.0,0,1740646692254,134,0.0
1740646695,0.62987,0.62996,0.0,0,1740646695571,134,0.0
1740646698,0.62988,0.62997,0.0,0,1740646698727,134,0.0
1740646699,0.62989,0.62998,0.0,0,1740646699965,134,0.0
1740646705,0.62988,0.62997,0.0,0,1740646705651,134,0.0
1740646709,0.62989,0.62998,0.0,0,1740646709150,134,0.0
1740646711,0.6299,0.62999,0.0,0,1740646711265,134,0.0
1740646715,0.62992,0.63001,0.0,0,1740646715526,134,0.0
1740646716,0.62991,0.63,0.0,0,1740646716826,134,0.0
1740646717,0.6299,0.62999,0.0,0,1740646717855,134,0.0
1740646718,0.62991,0.63,0.0,0,1740646718907,134,0.0
1740646720,0.6299,0.62999,0.0,0,1740646720111,134,0.0
1740646722,0.62991,0.63,0.0,0,1740646722933,134,0.0
1740646724,0.6299,0.62999,0.0,0,1740646724040,134,0.0
1740646728,0.62989,0.62998,0.0,0,1740646728466,134,0.0
1740646730,0.6299,0.62999,0.0,0,1740646730572,134,0.0
1740646731,0.62989,0.62998,0.0,0,1740646731600,134,0.0
1740646733,0.6299,0.62999,0.0,0,1740646733695,134,0.0
1740646735,0.62989,0.62998,0.0,0,1740646735700,134,0.0
1740646740,0.62989,0.62998,0.0,0,1740646740571,130,0.0
1740646744,0.6299,0.62999,0.0,0,1740646744822,134,0.0
1740646744,0.62992,0.63001,0.0,0,1740646744966,134,0.0
1740646746,0.62993,0.63002,0.0,0,1740646746028,134,0.0
1740646747,0.62991,0.63,0.0,0,1740646747104,134,0.0
1740646750,0.62992,0.63001,0.0,0,1740646750412,134,0.0
1740646756,0.62993,0.63002,0.0,0,1740646756390,134,0.0
1740646757,0.62994,0.63003,0.0,0,1740646757429,134,0.0
1740646758,0.62992,0.63001,0.0,0,1740646758250,134,0.0
1740646759,0.62991,0.63,0.0,0,1740646759484,134,0.0
1740646761,0.62993,0.63002,0.0,0,1740646761106,134,0.0
1740646761,0.62994,0.63003,0.0,0,1740646761882,134,0.0
1740646762,0.62995,0.63004,0.0,0,1740646762903,134,0.0
1740646767,0.62994,0.63003,0.0,0,1740646767174,134,0.0
1740646768,0.62993,0.63002,0.0,0,1740646768815,134,0.0
1740646769,0.62995,0.63004,0.0,0,1740646769503,134,0.0
1740646774,0.62996,0.63005,0.0,0,1740646774800,134,0.0
1740646788,0.62997,0.63006,0.0,0,1740646788022,134,0.0
1740646789,0.62996,0.63005,0.0,0,1740646789034,134,0.0
1740646790,0.62995,0.63004,0.0,0,1740646790054,134,0.0
1740646793,0.62996,0.63005,0.0,0,1740646793299,134,0.0
1740646794,0.62997,0.63006,0.0,0,1740646794318,134,0.0
1740646796,0.62996,0.63005,0.0,0,1740646796601,134,0.0
1740646799,0.62997,0.63006,0.0,0,1740646799654,134,0.0
1740646800,0.62998,0.63007,0.0,0,1740646800544,134,0.0
1740646800,0.62999,0.63008,0.0,0,1740646800583,134,0.0
1740646800,0.63001,0.6301,0.0,0,1740646800802,134,0.0
1740646802,0.63,0.63009,0.0,0,1740646802984,134,0.0
1740646803,0.62999,0.63008,0.0,0,1740646803255,134,0.0
1740646804,0.62998,0.63007,0.0,0,1740646804693,134,0.0
1740646805,0.63,0.63009,0.0,0,1740646805549,134,0.0
1740646806,0.62998,0.63007,0.0,0,1740646806131,134,0.0
1740646806,0.62997,0.63006,0.0,0,1740646806772,134,0.0
1740646811,0.62999,0.63008,0.0,0,1740646811303,134,0.0
1740646811,0.62997,0.63006,0.0,0,1740646811964,134,0.0
1740646811,0.62996,0.63005,0.0,0,1740646811990,134,0.0
1740646814,0.62997,0.63006,0.0,0,1740646814545,134,0.0
1740646815,0.62996,0.63005,0.0,0,1740646815715,134,0.0
1740646815,0.62998,0.63007,0.0,0,1740646815766,134,0.0
1740646817,0.62997,0.63006,0.0,0,1740646817899,134,0.0
1740646817,0.62996,0.63005,0.0,0,1740646817914,134,0.0
1740646818,0.62994,0.63003,0.0,0,1740646818026,134,0.0
1740646819,0.62993,0.63002,0.0,0,1740646819179,134,0.0
1740646821,0.62994,0.63003,0.0,0,1740646821393,134,0.0
1740646831,0.62993,0.63002,0.0,0,1740646831381,134,0.0
1740646831,0.62992,0.63001,0.0,0,1740646831697,134,0.0
1740646832,0.62991,0.63,0.0,0,1740646832105,134,0.0
1740646833,0.62989,0.62998,0.0,0,1740646833374,134,0.0
1740646835,0.6299,0.62999,0.0,0,1740646835140,134,0.0
1740646836,0.62988,0.62997,0.0,0,1740646836781,134,0.0
1740646838,0.62989,0.62998,0.0,0,1740646838043,134,0.0
1740646839,0.62988,0.62997,0.0,0,1740646839408,134,0.0
1740646840,0.62989,0.62998,0.0,0,1740646840447,134,0.0
1740646841,0.62988,0.62997,0.0,0,1740646841448,134,0.0
1740646843,0.62987,0.62996,0.0,0,1740646843415,134,0.0
1740646843,0.62986,0.62995,0.0,0,1740646843530,134,0.0
1740646844,0.62984,0.62993,0.0,0,1740646844132,134,0.0
1740646845,0.62983,0.62992,0.0,0,1740646845414,134,0.0
1740646846,0.62982,0.62991,0.0,0,1740646846428,134,0.0
1740646850,0.62983,0.62992,0.0,0,1740646850505,134,0.0
1740646851,0.62982,0.62991,0.0,0,1740646851683,134,0.0
1740646851,0.62983,0.62992,0.0,0,1740646851918,134,0.0
1740646852,0.62984,0.62993,0.0,0,1740646852936,134,0.0
1740646853,0.62983,0.62992,0.0,0,1740646853947,134,0.0
1740646854,0.62984,0.62993,0.0,0,1740646854950,134,0.0
1740646857,0.62983,0.62992,0.0,0,1740646857066,134,0.0
1740646859,0.62981,0.6299,0.0,0,1740646859743,134,0.0
1740646860,0.6298,0.62989,0.0,0,1740646860779,134,0.0
1740646861,0.62979,0.62988,0.0,0,1740646861821,134,0.0
1740646862,0.6298,0.62989,0.0,0,1740646862982,134,0.0
1740646864,0.62981,0.6299,0.0,0,1740646864031,134,0.0
1740646865,0.6298,0.62989,0.0,0,1740646865046,134,0.0
1740646868,0.62981,0.6299,0.0,0,1740646868480,134,0.0
1740646869,0.62982,0.62991,0.0,0,1740646869491,134,0.0
1740646870,0.62981,0.6299,0.0,0,1740646870500,134,0.0
1740646872,0.6298,0.62989,0.0,0,1740646872009,134,0.0
1740646873,0.62978,0.62987,0.0,0,1740646873135,134,0.0
1740646874,0.62979,0.62988,0.0,0,1740646874570,134,0.0
1740646880,0.62978,0.62987,0.0,0,1740646880092,134,0.0
1740646884,0.62979,0.62988,0.0,0,1740646884999,134,0.0
1740646887,0.6298,0.62989,0.0,0,1740646887058,134,0.0
1740646889,0.62981,0.6299,0.0,0,1740646889250,134,0.0
1740646890,0.62982,0.62991,0.0,0,1740646890298,134,0.0
1740646891,0.62983,0.62992,0.0,0,1740646891338,134,0.0
1740646891,0.62984,0.62993,0.0,0,1740646891384,134,0.0
1740646892,0.62985,0.62994,0.0,0,1740646892827,134,0.0
1740646893,0.62986,0.62995,0.0,0,1740646893830,134,0.0
1740646898,0.62987,0.62996,0.0,0,1740646898111,134,0.0
1740646901,0.62986,0.62995,0.0,0,1740646901199,134,0.0
1740646904,0.62985,0.62994,0.0,0,1740646904347,134,0.0
1740646905,0.62984,0.62993,0.0,0,1740646905045,134,0.0
1740646906,0.62983,0.62992,0.0,0,1740646906052,134,0.0
1740646906,0.62982,0.62991,0.0,0,1740646906153,134,0.0
1740646907,0.62981,0.6299,0.0,0,1740646907172,134,0.0
1740646909,0.6298,0.62989,0.0,0,1740646909279,134,0.0
1740646909,0.62982,0.62991,0.0,0,1740646909601,134,0.0
1740646910,0.62983,0.62992,0.0,0,1740646910187,134,0.0
1740646910,0.62984,0.62993,0.0,0,1740646910275,134,0.0
1740646911,0.62985,0.62994,0.0,0,1740646911526,134,0.0
1740646913,0.62987,0.62996,0.0,0,1740646913255,134,0.0
1740646913,0.62988,0.62997,0.0,0,1740646913356,134,0.0
1740646914,0.62989,0.62998,0.0,0,1740646914416,134,0.0
1740646915,0.62988,0.62997,0.0,0,1740646915279,134,0.0
1740646916,0.62987,0.62996,0.0,0,1740646916433,134,0.0
1740646918,0.62985,0.62994,0.0,0,1740646918954,134,0.0
1740646919,0.62984,0.62993,0.0,0,1740646919271,134,0.0
1740646919,0.62982,0.62991,0.0,0,1740646919399,134,0.0
1740646920,0.62984,0.62993,0.0,0,1740646920170,134,0.0
1740646921,0.62985,0.62994,0.0,0,1740646921158,134,0.0
1740646923,0.62984,0.62993,0.0,0,1740646923980,134,0.0
1740646924,0.62982,0.62991,0.0,0,1740646924029,134,0.0
1740646924,0.62981,0.6299,0.0,0,1740646924911,134,0.0
1740646926,0.62982,0.62991,0.0,0,1740646926458,134,0.0
1740646927,0.62981,0.6299,0.0,0,1740646927471,134,0.0
1740646929,0.62982,0.62991,0.0,0,1740646929538,134,0.0
1740646930,0.6298,0.62989,0.0,0,1740646930544,134,0.0
1740646934,0.62981,0.6299,0.0,0,1740646934242,134,0.0
1740646934,0.62979,0.62988,0.0,0,1740646934676,134,0.0
1740646938,0.6298,0.62989,0.0,0,1740646938053,134,0.0
1740646946,0.62981,0.6299,0.0,0,1740646946175,134,0.0
1740646948,0.6298,0.62989,0.0,0,1740646948208,134,0.0
1740646949,0.62978,0.62987,0.0,0,1740646949162,134,0.0
1740646949,0.62977,0.62986,0.0,0,1740646949199,134,0.0
1740646949,0.62976,0.62985,0.0,0,1740646949880,134,0.0
1740646950,0.62974,0.62983,0.0,0,1740646950055,134,0.0
1740646951,0.62973,0.62982,0.0,0,1740646951317,134,0.0
1740646951,0.62971,0.6298,0.0,0,1740646951707,134,0.0
1740646956,0.62972,0.62981,0.0,0,1740646956802,134,0.0
1740646957,0.62973,0.62982,0.0,0,1740646957818,134,0.0
1740646960,0.62972,0.62981,0.0,0,1740646960064,134,0.0
1740646960,0.6297,0.62979,0.0,0,1740646960137,134,0.0
1740646963,0.62971,0.6298,0.0,0,1740646963524,134,0.0
1740646964,0.6297,0.62979,0.0,0,1740646964932,134,0.0
1740646965,0.62971,0.6298,0.0,0,1740646965956,134,0.0
1740646967,0.6297,0.62979,0.0,0,1740646967513,134,0.0
1740646968,0.62971,0.6298,0.0,0,1740646968612,134,0.0
1740646977,0.62969,0.62978,0.0,0,1740646977109,134,0.0
1740646977,0.62968,0.62977,0.0,0,1740646977128,134,0.0
1740646977,0.62966,0.62975,0.0,0,1740646977176,134,0.0
1740646977,0.62963,0.62972,0.0,0,1740646977220,134,0.0
1740646977,0.62962,0.62971,0.0,0,1740646977341,134,0.0
1740646977,0.6296,0.62969,0.0,0,1740646977482,134,0.0
1740646978,0.62959,0.62968,0.0,0,1740646978572,134,0.0
1740646979,0.6296,0.62969,0.0,0,1740646979586,134,0.0
1740646980,0.62959,0.62968,0.0,0,1740646980594,134,0.0
1740646983,0.62958,0.62967,0.0,0,1740646983083,134,0.0
1740646985,0.62957,0.62966,0.0,0,1740646985781,134,0.0
1740646987,0.62958,0.62967,0.0,0,1740646987922,134,0.0
1740646988,0.62957,0.62966,0.0,0,1740646988947,134,0.0
1740646991,0.62958,0.62967,0.0,0,1740646991753,134,0.0
1740646996,0.6296,0.62969,0.0,0,1740646996779,134,0.0
1740646998,0.62958,0.62967,0.0,0,1740646998763,134,0.0
1740647002,0.62957,0.62966,0.0,0,1740647002220,134,0.0
1740647008,0.62958,0.62967,0.0,0,1740647008307,134,0.0
1740647013,0.62959,0.62968,0.0,0,1740647013647,134,0.0
1740647015,0.62958,0.62967,0.0,0,1740647015614,134,0.0
1740647019,0.6296,0.62969,0.0,0,1740647019740,134,0.0
1740647022,0.62959,0.62968,0.0,0,1740647022920,134,0.0
1740647024,0.6296,0.62969,0.0,0,1740647024001,134,0.0
1740647025,0.62961,0.6297,0.0,0,1740647025081,134,0.0
1740647026,0.62962,0.62971,0.0,0,1740647026603,134,0.0
1740647027,0.62963,0.62972,0.0,0,1740647027971,134,0.0
1740647038,0.62962,0.62971,0.0,0,1740647038834,134,0.0
1740647041,0.62962,0.62971,0.0,0,1740647041129,130,0.0
1740647042,0.62963,0.62972,0.0,0,1740647042924,134,0.0
1740647043,0.62962,0.62971,0.0,0,1740647043923,134,0.0
1740647045,0.62963,0.62972,0.0,0,1740647045199,134,0.0
1740647056,0.62964,0.62973,0.0,0,1740647056390,134,0.0
1740647067,0.62965,0.62974,0.0,0,1740647067525,134,0.0
1740647068,0.62966,0.62975,0.0,0,1740647068530,134,0.0
1740647070,0.62968,0.62977,0.0,0,1740647070264,134,0.0
1740647074,0.62969,0.62978,0.0,0,1740647074842,134,0.0
1740647083,0.62968,0.62977,0.0,0,1740647083098,134,0.0
1740647084,0.62967,0.62976,0.0,0,1740647084100,134,0.0
1740647087,0.62968,0.62977,0.0,0,1740647087543,134,0.0
1740647088,0.62969,0.62978,0.0,0,1740647088591,134,0.0
1740647089,0.6297,0.62979,0.0,0,1740647089616,134,0.0
1740647090,0.62971,0.6298,0.0,0,1740647090439,134,0.0
1740647090,0.62973,0.62982,0.0,0,1740647090592,134,0.0
1740647093,0.62974,0.62983,0.0,0,1740647093304,134,0.0
1740647094,0.62972,0.62981,0.0,0,1740647094973,134,0.0
1740647100,0.62973,0.62982,0.0,0,1740647100292,134,0.0
1740647100,0.62974,0.62983,0.0,0,1740647100790,134,0.0
1740647102,0.62975,0.62984,0.0,0,1740647102201,134,0.0
1740647106,0.62974,0.62983,0.0,0,1740647106426,134,0.0
1740647107,0.62975,0.62984,0.0,0,1740647107618,134,0.0
1740647108,0.62974,0.62983,0.0,0,1740647108735,134,0.0
1740647111,0.62975,0.62984,0.0,0,1740647111138,134,0.0
1740647112,0.62974,0.62983,0.0,0,1740647112223,134,0.0
1740647119,0.62975,0.62984,0.0,0,1740647119296,134,0.0
1740647119,0.62976,0.62985,0.0,0,1740647119754,134,0.0
1740647120,0.62978,0.62987,0.0,0,1740647120410,134,0.0
1740647122,0.62976,0.62985,0.0,0,1740647122231,134,0.0
1740647123,0.62975,0.62984,0.0,0,1740647123929,134,0.0
1740647127,0.62974,0.62983,0.0,0,1740647127469,134,0.0
1740647129,0.62975,0.62984,0.0,0,1740647129087,134,0.0
1740647131,0.62976,0.62985,0.0,0,1740647131129,134,0.0
1740647131,0.62975,0.62984,0.0,0,1740647131437,134,0.0
1740647134,0.62973,0.62982,0.0,0,1740647134702,134,0.0
1740647135,0.62972,0.62981,0.0,0,1740647135874,134,0.0
1740647138,0.62973,0.62982,0.0,0,1740647138302,134,0.0
1740647141,0.62974,0.62983,0.0,0,1740647141004,134,0.0
1740647141,0.62975,0.62984,0.0,0,1740647141344,134,0.0
1740647142,0.62976,0.62985,0.0,0,1740647142371,134,0.0
1740647143,0.62975,0.62984,0.0,0,1740647143210,134,0.0
1740647144,0.62974,0.62983,0.0,0,1740647144690,134,0.0
1740647144,0.62976,0.62985,0.0,0,1740647144735,134,0.0
1740647145,0.62977,0.62986,0.0,0,1740647145766,134,0.0
1740647147,0.62976,0.62985,0.0,0,1740647147838,134,0.0
1740647149,0.62977,0.62986,0.0,0,1740647149033,134,0.0
1740647150,0.62975,0.62984,0.0,0,1740647150356,134,0.0
1740647151,0.62976,0.62985,0.0,0,1740647151541,134,0.0
1740647152,0.62977,0.62986,0.0,0,1740647152622,134,0.0
1740647154,0.62979,0.62988,0.0,0,1740647154543,134,0.0
1740647154,0.6298,0.62989,0.0,0,1740647154552,134,0.0
1740647155,0.62979,0.62988,0.0,0,1740647155556,134,0.0
1740647158,0.62978,0.62987,0.0,0,1740647158369,134,0.0
1740647161,0.62978,0.62987,0.0,0,1740647161745,130,0.0
1740647166,0.62977,0.62986,0.0,0,1740647166029,134,0.0
1740647168,0.62978,0.62987,0.0,0,1740647168565,134,0.0
1740647173,0.62977,0.62986,0.0,0,1740647173274,134,0.0
1740647176,0.62976,0.62985,0.0,0,1740647176757,134,0.0
1740647177,0.62977,0.62986,0.0,0,1740647177812,134,0.0
1740647178,0.62975,0.62984,0.0,0,1740647178579,134,0.0
1740647181,0.62977,0.62986,0.0,0,1740647181621,134,0.0
1740647184,0.62979,0.62988,0.0,0,1740647184453,134,0.0
1740647185,0.6298,0.62989,0.0,0,1740647185498,134,0.0
1740647190,0.62981,0.6299,0.0,0,1740647190484,134,0.0
1740647191,0.62982,0.62991,0.0,0,1740647191618,134,0.0
1740647194,0.62983,0.62992,0.0,0,1740647194978,134,0.0
1740647196,0.62982,0.62991,0.0,0,1740647196044,134,0.0
1740647197,0.62983,0.62992,0.0,0,1740647197217,134,0.0
1740647203,0.62982,0.62991,0.0,0,1740647203024,134,0.0
1740647205,0.62981,0.6299,0.0,0,1740647205093,134,0.0
1740647206,0.6298,0.62989,0.0,0,1740647206104,134,0.0
1740647208,0.62981,0.6299,0.0,0,1740647208703,134,0.0
1740647209,0.62982,0.62991,0.0,0,1740647209806,134,0.0
1740647216,0.62983,0.62992,0.0,0,1740647216098,134,0.0
1740647219,0.62982,0.62991,0.0,0,1740647219997,134,0.0
1740647220,0.62981,0.6299,0.0,0,1740647220565,134,0.0
1740647221,0.6298,0.62989,0.0,0,1740647221659,134,0.0
1740647223,0.62981,0.6299,0.0,0,1740647223774,134,0.0
1740647224,0.6298,0.62989,0.0,0,1740647224785,134,0.0
1740647228,0.62979,0.62988,0.0,0,1740647228909,134,0.0
1740647234,0.62978,0.62987,0.0,0,1740647234584,134,0.0
1740647235,0.62977,0.62986,0.0,0,1740647235290,134,0.0
1740647236,0.62976,0.62985,0.0,0,1740647236346,134,0.0
1740647238,0.62974,0.62983,0.0,0,1740647238427,134,0.0
1740647238,0.62973,0.62982,0.0,0,1740647238557,134,0.0
1740647238,0.62972,0.62981,0.0,0,1740647238702,134,0.0
1740647238,0.6297,0.62979,0.0,0,1740647238849,134,0.0
1740647240,0.62972,0.62981,0.0,0,1740647240317,134,0.0
1740647240,0.62973,0.62982,0.0,0,1740647240372,134,0.0
1740647247,0.62974,0.62983,0.0,0,1740647247661,134,0.0
1740647248,0.62975,0.62984,0.0,0,1740647248851,134,0.0
1740647249,0.62974,0.62983,0.0,0,1740647249963,134,0.0
1740647250,0.62975,0.62984,0.0,0,1740647250984,134,0.0
1740647252,0.62976,0.62985,0.0,0,1740647252138,134,0.0
1740647252,0.62975,0.62984,0.0,0,1740647252989,134,0.0
1740647254,0.62974,0.62983,0.0,0,1740647254122,134,0.0
1740647256,0.62975,0.62984,0.0,0,1740647256167,134,0.0
1740647258,0.62976,0.62985,0.0,0,1740647258672,134,0.0
1740647259,0.62978,0.62987,0.0,0,1740647259717,134,0.0
1740647271,0.62977,0.62986,0.0,0,1740647271745,134,0.0
1740647273,0.62978,0.62987,0.0,0,1740647273890,134,0.0
1740647281,0.62978,0.62987,0.0,0,1740647281117,130,0.0
1740647283,0.62977,0.62986,0.0,0,1740647283152,134,0.0
1740647293,0.62976,0.62985,0.0,0,1740647293228,134,0.0
1740647295,0.62977,0.62986,0.0,0,1740647295579,134,0.0
1740647296,0.62978,0.62987,0.0,0,1740647296843,134,0.0
1740647301,0.6298,0.62989,0.0,0,1740647301849,134,0.0
1740647301,0.62981,0.6299,0.0,0,1740647301922,134,0.0
1740647302,0.6298,0.62989,0.0,0,1740647302929,134,0.0
1740647304,0.62979,0.62988,0.0,0,1740647304071,134,0.0
1740647306,0.6298,0.62989,0.0,0,1740647306347,134,0.0
1740647311,0.62979,0.62988,0.0,0,1740647311492,134,0.0
1740647313,0.62978,0.62987,0.0,0,1740647313543,134,0.0
1740647315,0.62977,0.62986,0.0,0,1740647315933,134,0.0
1740647316,0.62976,0.62985,0.0,0,1740647316967,134,0.0
1740647320,0.62977,0.62986,0.0,0,1740647320220,134,0.0
1740647321,0.62978,0.62987,0.0,0,1740647321232,134,0.0
1740647322,0.62976,0.62985,0.0,0,1740647322502,134,0.0
1740647326,0.62975,0.62984,0.0,0,1740647326806,134,0.0
1740647326,0.62973,0.62982,0.0,0,1740647326864,134,0.0
1740647330,0.62974,0.62983,0.0,0,1740647330614,134,0.0
1740647332,0.62975,0.62984,0.0,0,1740647332628,134,0.0
1740647332,0.62976,0.62985,0.0,0,1740647332684,134,0.0
1740647333,0.62977,0.62986,0.0,0,1740647333687,134,0.0
1740647335,0.62976,0.62985,0.0,0,1740647335408,134,0.0
1740647336,0.62975,0.62984,0.0,0,1740647336687,134,0.0
1740647340,0.62976,0.62985,0.0,0,1740647340715,134,0.0
1740647341,0.62974,0.62983,0.0,0,1740647341554,134,0.0
1740647341,0.62973,0.62982,0.0,0,1740647341590,134,0.0
1740647342,0.62972,0.62981,0.0,0,1740647342634,134,0.0
1740647345,0.62974,0.62983,0.0,0,1740647345174,134,0.0
1740647345,0.62975,0.62984,0.0,0,1740647345205,134,0.0
1740647346,0.62976,0.62985,0.0,0,1740647346215,134,0.0
1740647347,0.62975,0.62984,0.0,0,1740647347319,134,0.0
1740647352,0.62974,0.62983,0.0,0,1740647352017,134,0.0
1740647355,0.62975,0.62984,0.0,0,1740647355124,134,0.0
1740647356,0.62974,0.62983,0.0,0,1740647356208,134,0.0
1740647360,0.62975,0.62984,0.0,0,1740647360684,134,0.0
1740647371,0.62974,0.62983,0.0,0,1740647371173,134,0.0
1740647371,0.62972,0.62981,0.0,0,1740647371739,134,0.0
1740647376,0.62973,0.62982,0.0,0,1740647376435,134,0.0
1740647378,0.62971,0.6298,0.0,0,1740647378798,134,0.0
1740647378,0.6297,0.62979,0.0,0,1740647378845,134,0.0
1740647380,0.62971,0.6298,0.0,0,1740647380060,134,0.0
1740647381,0.62972,0.62981,0.0,0,1740647381544,134,0.0
1740647382,0.62974,0.62983,0.0,0,1740647382382,134,0.0
1740647384,0.62975,0.62984,0.0,0,1740647384719,134,0.0
1740647388,0.62974,0.62983,0.0,0,1740647388042,134,0.0
1740647389,0.62973,0.62982,0.0,0,1740647389056,134,0.0
1740647390,0.62974,0.62983,0.0,0,1740647390272,134,0.0
1740647393,0.62973,0.62982,0.0,0,1740647393033,134,0.0
1740647396,0.62974,0.62983,0.0,0,1740647396868,134,0.0
1740647397,0.62973,0.62982,0.0,0,1740647397743,134,0.0
1740647400,0.62974,0.62983,0.0,0,1740647400105,134,0.0
1740647400,0.62975,0.62984,0.0,0,1740647400113,134,0.0
1740647400,0.62977,0.62986,0.0,0,1740647400360,134,0.0
1740647402,0.62979,0.62988,0.0,0,1740647402487,134,0.0
1740647404,0.62977,0.62986,0.0,0,1740647404030,134,0.0
1740647405,0.62978,0.62987,0.0,0,1740647405903,134,0.0
1740647407,0.62979,0.62988,0.0,0,1740647407298,134,0.0
1740647409,0.62978,0.62987,0.0,0,1740647409585,134,0.0
1740647411,0.62977,0.62986,0.0,0,1740647411735,134,0.0
1740647414,0.62978,0.62987,0.0,0,1740647414458,134,0.0
1740647420,0.62979,0.62988,0.0,0,1740647420166,134,0.0
1740647420,0.6298,0.62989,0.0,0,1740647420356,134,0.0
1740647422,0.62982,0.62991,0.0,0,1740647422342,134,0.0
1740647423,0.62981,0.6299,0.0,0,1740647423935,134,0.0
1740647428,0.62982,0.62991,0.0,0,1740647428333,134,0.0
1740647429,0.62983,0.62992,0.0,0,1740647429383,134,0.0
1740647430,0.62984,0.62993,0.0,0,1740647430396,134,0.0
1740647442,0.62983,0.62992,0.0,0,1740647442390,134,0.0
1740647445,0.62982,0.62991,0.0,0,1740647445644,134,0.0
1740647454,0.62983,0.62992,0.0,0,1740647454287,134,0.0
1740647456,0.62982,0.62991,0.0,0,1740647456535,134,0.0
1740647460,0.62983,0.62992,0.0,0,1740647460243,134,0.0
1740647461,0.62984,0.62993,0.0,0,1740647461140,134,0.0
1740647463,0.62983,0.62992,0.0,0,1740647463169,134,0.0
1740647465,0.62982,0.62991,0.0,0,1740647465615,134,0.0
1740647467,0.62983,0.62992,0.0,0,1740647467094,134,0.0
1740647470,0.62984,0.62993,0.0,0,1740647470772,134,0.0
1740647472,0.62983,0.62992,0.0,0,1740647472372,134,0.0
1740647475,0.62982,0.62991,0.0,0,1740647475873,134,0.0
1740647477,0.62981,0.6299,0.0,0,1740647477406,134,0.0
1740647477,0.62979,0.62988,0.0,0,1740647477430,134,0.0
1740647477,0.62978,0.62987,0.0,0,1740647477839,134,0.0
1740647478,0.62977,0.62986,0.0,0,1740647478438,134,0.0
1740647480,0.62976,0.62985,0.0,0,1740647480464,134,0.0
1740647481,0.62978,0.62987,0.0,0,1740647481837,134,0.0
1740647485,0.62976,0.62985,0.0,0,1740647485663,134,0.0
1740647486,0.62977,0.62986,0.0,0,1740647486903,134,0.0
1740647488,0.62978,0.62987,0.0,0,1740647488588,134,0.0
1740647495,0.62979,0.62988,0.0,0,1740647495781,134,0.0
1740647498,0.62977,0.62986,0.0,0,1740647498869,134,0.0
1740647500,0.62976,0.62985,0.0,0,1740647500885,134,0.0
1740647504,0.62977,0.62986,0.0,0,1740647504149,134,0.0
1740647506,0.62978,0.62987,0.0,0,1740647506332,134,0.0
1740647512,0.62979,0.62988,0.0,0,1740647512278,134,0.0
1740647520,0.62979,0.62988,0.0,0,1740647520095,130,0.0
1740647520,0.62981,0.6299,0.0,0,1740647520168,134,0.0
1740647521,0.62982,0.62991,0.0,0,1740647521190,134,0.0
1740647525,0.62983,0.62992,0.0,0,1740647525205,134,0.0
1740647526,0.62984,0.62993,0.0,0,1740647526329,134,0.0
1740647527,0.62985,0.62994,0.0,0,1740647527369,134,0.0
1740647528,0.62986,0.62995,0.0,0,1740647528826,134,0.0
1740647530,0.62985,0.62994,0.0,0,1740647530380,134,0.0
1740647534,0.62986,0.62995,0.0,0,1740647534258,134,0.0
1740647540,0.62985,0.62994,0.0,0,1740647540831,134,0.0
1740647542,0.62984,0.62993,0.0,0,1740647542752,134,0.0
1740647550,0.62983,0.62992,0.0,0,1740647550612,134,0.0
1740647554,0.62984,0.62993,0.0,0,1740647554311,134,0.0
1740647560,0.62985,0.62994,0.0,0,1740647560984,134,0.0
1740647565,0.62986,0.62995,0.0,0,1740647565010,134,0.0
1740647565,0.62988,0.62997,0.0,0,1740647565050,134,0.0
1740647565,0.62989,0.62998,0.0,0,1740647565119,134,0.0
1740647566,0.6299,0.62999,0.0,0,1740647566264,134,0.0
1740647566,0.62991,0.63,0.0,0,1740647566344,134,0.0
1740647566,0.62992,0.63001,0.0,0,1740647566403,134,0.0
1740647567,0.62994,0.63003,0.0,0,1740647567412,134,0.0
1740647569,0.62993,0.63002,0.0,0,1740647569070,134,0.0
1740647570,0.62992,0.63001,0.0,0,1740647570312,134,0.0
1740647573,0.62994,0.63003,0.0,0,1740647573481,134,0.0
1740647573,0.62996,0.63005,0.0,0,1740647573498,134,0.0
1740647573,0.62997,0.63006,0.0,0,1740647573538,134,0.0
1740647573,0.62998,0.63007,0.0,0,1740647573565,134,0.0
1740647573,0.63,0.63009,0.0,0,1740647573657,134,0.0
1740647580,0.62999,0.63008,0.0,0,1740647580753,134,0.0
1740647581,0.63,0.63009,0.0,0,1740647581832,134,0.0
1740647584,0.62999,0.63008,0.0,0,1740647584880,134,0.0
1740647588,0.63001,0.6301,0.0,0,1740647588798,134,0.0
1740647589,0.63002,0.63011,0.0,0,1740647589223,134,0.0
1740647591,0.63001,0.6301,0.0,0,1740647591625,134,0.0
1740647597,0.62999,0.63008,0.0,0,1740647597782,134,0.0
1740647598,0.63,0.63009,0.0,0,1740647598797,134,0.0
1740647605,0.62998,0.63007,0.0,0,1740647605756,134,0.0
1740647605,0.62997,0.63006,0.0,0,1740647605777,134,0.0
1740647606,0.62996,0.63005,0.0,0,1740647606964,134,0.0
1740647609,0.62995,0.63004,0.0,0,1740647609085,134,0.0
1740647618,0.62994,0.63003,0.0,0,1740647618112,134,0.0
1740647621,0.62995,0.63004,0.0,0,1740647621632,134,0.0
1740647625,0.62994,0.63003,0.0,0,1740647625203,134,0.0
1740647626,0.62995,0.63004,0.0,0,1740647626273,134,0.0
1740647627,0.62996,0.63005,0.0,0,1740647627284,134,0.0
1740647628,0.62997,0.63006,0.0,0,1740647628600,134,0.0
1740647630,0.62996,0.63005,0.0,0,1740647630767,134,0.0
1740647631,0.62995,0.63004,0.0,0,1740647631790,134,0.0
1740647632,0.62994,0.63003,0.0,0,1740647632706,134,0.0
1740647633,0.62993,0.63002,0.0,0,1740647633383,134,0.0
1740647638,0.62992,0.63001,0.0,0,1740647638084,134,0.0
1740647638,0.62994,0.63003,0.0,0,1740647638259,134,0.0
1740647638,0.62995,0.63004,0.0,0,1740647638278,134,0.0
1740647638,0.62996,0.63005,0.0,0,1740647638354,134,0.0
1740647638,0.62998,0.63007,0.0,0,1740647638442,134,0.0
1740647639,0.62999,0.63008,0.0,0,1740647639276,134,0.0
1740647639,0.63,0.63009,0.0,0,1740647639597,134,0.0
1740647640,0.63,0.63009,0.0,0,1740647640638,130,0.0
1740647646,0.63001,0.6301,0.0,0,1740647646054,134,0.0
1740647653,0.63,0.63009,0.0,0,1740647653250,134,0.0
1740647663,0.62998,0.63007,0.0,0,1740647663907,134,0.0
1740647664,0.62999,0.63008,0.0,0,1740647664948,134,0.0
1740647668,0.62997,0.63006,0.0,0,1740647668758,134,0.0
1740647668,0.62996,0.63005,0.0,0,1740647668994,134,0.0
1740647674,0.62995,0.63004,0.0,0,1740647674312,134,0.0
1740647675,0.62994,0.63003,0.0,0,1740647675652,134,0.0
1740647676,0.62995,0.63004,0.0,0,1740647676686,134,0.0
1740647679,0.62996,0.63005,0.0,0,1740647679635,134,0.0
1740647679,0.62998,0.63007,0.0,0,1740647679663,134,0.0
1740647680,0.62996,0.63005,0.0,0,1740647680631,134,0.0
1740647683,0.62995,0.63004,0.0,0,1740647683573,134,0.0
1740647689,0.62993,0.63002,0.0,0,1740647689155,134,0.0
1740647689,0.62995,0.63004,0.0,0,1740647689619,134,0.0
1740647693,0.62996,0.63005,0.0,0,1740647693031,134,0.0
1740647694,0.62995,0.63004,0.0,0,1740647694089,134,0.0
1740647700,0.62996,0.63005,0.0,0,1740647700560,134,0.0
1740647701,0.62994,0.63003,0.0,0,1740647701832,134,0.0
1740647702,0.62995,0.63004,0.0,0,1740647702995,134,0.0
1740647708,0.62994,0.63003,0.0,0,1740647708663,134,0.0
1740647709,0.62993,0.63002,0.0,0,1740647709358,134,0.0
1740647710,0.62994,0.63003,0.0,0,1740647710520,134,0.0
1740647712,0.62995,0.63004,0.0,0,1740647712790,134,0.0
1740647713,0.62994,0.63003,0.0,0,1740647713876,134,0.0
1740647715,0.62995,0.63004,0.0,0,1740647715281,134,0.0
1740647716,0.62993,0.63002,0.0,0,1740647716948,134,0.0
1740647717,0.62994,0.63003,0.0,0,1740647717983,134,0.0
1740647723,0.62993,0.63002,0.0,0,1740647723854,134,0.0
1740647724,0.62994,0.63003,0.0,0,1740647724931,134,0.0
1740647727,0.62993,0.63002,0.0,0,1740647727505,134,0.0
1740647732,0.62991,0.63,0.0,0,1740647732172,134,0.0
1740647733,0.62992,0.63001,0.0,0,1740647733174,134,0.0
1740647734,0.62993,0.63002,0.0,0,1740647734311,134,0.0
1740647737,0.62991,0.63,0.0,0,1740647737058,134,0.0
1740647742,0.62992,0.63001,0.0,0,1740647742405,134,0.0
1740647742,0.62993,0.63002,0.0,0,1740647742439,134,0.0
1740647742,0.62995,0.63004,0.0,0,1740647742502,134,0.0
1740647743,0.62996,0.63005,0.0,0,1740647743744,134,0.0
1740647752,0.62994,0.63003,0.0,0,1740647752920,134,0.0
1740647753,0.62993,0.63002,0.0,0,1740647753217,134,0.0
1740647754,0.62991,0.63,0.0,0,1740647754401,134,0.0
1740647757,0.62992,0.63001,0.0,0,1740647757017,134,0.0
1740647760,0.62993,0.63002,0.0,0,1740647760039,134,0.0
1740647760,0.62994,0.63003,0.0,0,1740647760211,134,0.0
1740647761,0.62995,0.63004,0.0,0,1740647761815,134,0.0
1740647767,0.62994,0.63003,0.0,0,1740647767814,134,0.0
1740647768,0.62995,0.63004,0.0,0,1740647768906,134,0.0
1740647772,0.62996,0.63005,0.0,0,1740647772438,134,0.0
1740647779,0.62995,0.63004,0.0,0,1740647779323,134,0.0
1740647795,0.62996,0.63005,0.0,0,1740647795348,134,0.0
1740647801,0.62998,0.63007,0.0,0,1740647801190,134,0.0
1740647803,0.62999,0.63008,0.0,0,1740647803753,134,0.0
1740647810,0.62998,0.63007,0.0,0,1740647810368,134,0.0
1740647811,0.62997,0.63006,0.0,0,1740647811565,134,0.0
1740647812,0.62996,0.63005,0.0,0,1740647812645,134,0.0
1740647812,0.62997,0.63006,0.0,0,1740647812905,134,0.0
1740647812,0.62998,0.63007,0.0,0,1740647812953,134,0.0
1740647813,0.62997,0.63006,0.0,0,1740647813985,134,0.0
1740647815,0.62996,0.63005,0.0,0,1740647815364,134,0.0
1740647817,0.62994,0.63003,0.0,0,1740647817845,134,0.0
1740647820,0.62994,0.63003,0.0,0,1740647820114,130,0.0
1740647823,0.62995,0.63004,0.0,0,1740647823406,134,0.0
1740647828,0.62997,0.63006,0.0,0,1740647828261,134,0.0
1740647828,0.62998,0.63007,0.0,0,1740647828445,134,0.0
1740647829,0.62997,0.63006,0.0,0,1740647829877,134,0.0
1740647833,0.62996,0.63005,0.0,0,1740647833486,134,0.0
1740647835,0.62998,0.63007,0.0,0,1740647835936,134,0.0
1740647840,0.62996,0.63005,0.0,0,1740647840101,134,0.0
1740647840,0.62995,0.63004,0.0,0,1740647840571,134,0.0
1740647841,0.62996,0.63005,0.0,0,1740647841603,134,0.0
1740647850,0.62997,0.63006,0.0,0,1740647850134,134,0.0
1740647851,0.62996,0.63005,0.0,0,1740647851156,134,0.0
1740647854,0.62997,0.63006,0.0,0,1740647854431,134,0.0
1740647855,0.62998,0.63007,0.0,0,1740647855522,134,0.0
1740647858,0.62999,0.63008,0.0,0,1740647858888,134,0.0
1740647859,0.63001,0.6301,0.0,0,1740647859744,134,0.0
1740647860,0.62999,0.63008,0.0,0,1740647860081,134,0.0
1740647860,0.62998,0.63007,0.0,0,1740647860687,134,0.0
1740647860,0.62996,0.63005,0.0,0,1740647860737,134,0.0
1740647868,0.62995,0.63004,0.0,0,1740647868088,134,0.0
1740647869,0.62994,0.63003,0.0,0,1740647869210,134,0.0
1740647871,0.62993,0.63002,0.0,0,1740647871267,134,0.0
1740647875,0.62991,0.63,0.0,0,1740647875227,134,0.0
1740647875,0.6299,0.62999,0.0,0,1740647875287,134,0.0
1740647875,0.62989,0.62998,0.0,0,1740647875437,134,0.0
1740647875,0.62987,0.62996,0.0,0,1740647875511,134,0.0
1740647876,0.62988,0.62997,0.0,0,1740647876733,134,0.0
1740647880,0.6299,0.62999,0.0,0,1740647880181,134,0.0
1740647880,0.62991,0.63,0.0,0,1740647880352,134,0.0
1740647882,0.62993,0.63002,0.0,0,1740647882202,134,0.0
1740647883,0.62995,0.63004,0.0,0,1740647883871,134,0.0
1740647886,0.62994,0.63003,0.0,0,1740647886175,134,0.0
1740647886,0.62993,0.63002,0.0,0,1740647886256,134,0.0
1740647886,0.62991,0.63,0.0,0,1740647886346,134,0.0
1740647895,0.6299,0.62999,0.0,0,1740647895446,134,0.0
1740647906,0.62989,0.62998,0.0,0,1740647906740,134,0.0
1740647909,0.6299,0.62999,0.0,0,1740647909268,134,0.0
1740647918,0.62989,0.62998,0.0,0,1740647918874,134,0.0
1740647929,0.62988,0.62997,0.0,0,1740647929153,134,0.0
1740647934,0.62987,0.62996,0.0,0,1740647934086,134,0.0
1740647934,0.62985,0.62994,0.0,0,1740647934111,134,0.0
1740647935,0.62983,0.62992,0.0,0,1740647935988,134,0.0
1740647940,0.62983,0.62992,0.0,0,1740647940954,130,0.0
1740647952,0.62984,0.62993,0.0,0,1740647952155,134,0.0
1740647956,0.62983,0.62992,0.0,0,1740647956764,134,0.0
1740647965,0.62982,0.62991,0.0,0,1740647965051,134,0.0
1740647965,0.6298,0.62989,0.0,0,1740647965302,134,0.0
1740647967,0.62981,0.6299,0.0,0,1740647967468,134,0.0
1740647971,0.62982,0.62991,0.0,0,1740647971186,134,0.0
1740647981,0.62983,0.62992,0.0,0,1740647981457,134,0.0
1740647982,0.62984,0.62993,0.0,0,1740647982608,134,0.0
1740647983,0.62985,0.62994,0.0,0,1740647983653,134,0.0
1740647985,0.62984,0.62993,0.0,0,1740647985147,134,0.0
1740647999,0.62983,0.62992,0.0,0,1740647999255,134,0.0
1740648000,0.62983,0.62992,0.0,0,1740648000417,130,0.0
1740648002,0.62982,0.62991,0.0,0,1740648002494,134,0.0
1740648003,0.62984,0.62993,0.0,0,1740648003296,134,0.0
1740648010,0.62983,0.62992,0.0,0,1740648010364,134,0.0
1740648013,0.62984,0.62993,0.0,0,1740648013783,134,0.0
1740648020,0.62983,0.62992,0.0,0,1740648020827,134,0.0
1740648032,0.62981,0.6299,0.0,0,1740648032013,134,0.0
1740648032,0.6298,0.62989,0.0,0,1740648032070,134,0.0
1740648032,0.62981,0.6299,0.0,0,1740648032274,134,0.0
1740648049,0.6298,0.62989,0.0,0,1740648049854,134,0.0
1740648051,0.62978,0.62987,0.0,0,1740648051332,134,0.0
1740648053,0.62979,0.62988,0.0,0,1740648053083,134,0.0
1740648057,0.62978,0.62987,0.0,0,1740648057018,134,0.0
1740648058,0.62976,0.62985,0.0,0,1740648058006,134,0.0
1740648059,0.62977,0.62986,0.0,0,1740648059319,134,0.0
1740648060,0.62978,0.62987,0.0,0,1740648060175,134,0.0
1740648061,0.62977,0.62986,0.0,0,1740648061214,134,0.0
1740648062,0.62975,0.62984,0.0,0,1740648062216,134,0.0
1740648070,0.62973,0.62982,0.0,0,1740648070827,134,0.0
1740648071,0.62972,0.62981,0.0,0,1740648071847,134,0.0
1740648074,0.62973,0.62982,0.0,0,1740648074925,134,0.0
1740648075,0.62974,0.62983,0.0,0,1740648075231,134,0.0
1740648076,0.62976,0.62985,0.0,0,1740648076178,134,0.0
1740648078,0.62977,0.62986,0.0,0,1740648078400,134,0.0
1740648079,0.62978,0.62987,0.0,0,1740648079457,134,0.0
1740648081,0.62979,0.62988,0.0,0,1740648081603,134,0.0
1740648089,0.6298,0.62989,0.0,0,1740648089280,134,0.0
1740648092,0.62978,0.62987,0.0,0,1740648092466,134,0.0
1740648093,0.62977,0.62986,0.0,0,1740648093618,134,0.0
1740648097,0.62978,0.62987,0.0,0,1740648097549,134,0.0
1740648099,0.62979,0.62988,0.0,0,1740648099949,134,0.0
1740648102,0.6298,0.62989,0.0,0,1740648102003,134,0.0
1740648102,0.62982,0.62991,0.0,0,1740648102982,134,0.0
1740648103,0.62983,0.62992,0.0,0,1740648103010,134,0.0
1740648104,0.62982,0.62991,0.0,0,1740648104258,134,0.0
1740648106,0.62983,0.62992,0.0,0,1740648106323,134,0.0
1740648106,0.62984,0.62993,0.0,0,1740648106842,134,0.0
1740648109,0.62986,0.62995,0.0,0,1740648109104,134,0.0
1740648110,0.62987,0.62996,0.0,0,1740648110513,134,0.0
1740648112,0.62986,0.62995,0.0,0,1740648112979,134,0.0
1740648115,0.62985,0.62994,0.0,0,1740648115148,134,0.0
1740648121,0.62985,0.62994,0.0,0,1740648121088,130,0.0
1740648121,0.62984,0.62993,0.0,0,1740648121317,134,0.0
1740648123,0.62983,0.62992,0.0,0,1740648123614,134,0.0
1740648124,0.62984,0.62993,0.0,0,1740648124623,134,0.0
1740648128,0.62983,0.62992,0.0,0,1740648128777,134,0.0
1740648132,0.62985,0.62994,0.0,0,1740648132313,134,0.0
1740648133,0.62986,0.62995,0.0,0,1740648133672,134,0.0
1740648134,0.62987,0.62996,0.0,0,1740648134674,134,0.0
1740648137,0.62986,0.62995,0.0,0,1740648137654,134,0.0
1740648138,0.62985,0.62994,0.0,0,1740648138043,134,0.0
1740648139,0.62983,0.62992,0.0,0,1740648139230,134,0.0
1740648139,0.62982,0.62991,0.0,0,1740648139523,134,0.0
1740648139,0.6298,0.62989,0.0,0,1740648139549,134,0.0
1740648139,0.62979,0.62988,0.0,0,1740648139775,134,0.0
1740648140,0.62978,0.62987,0.0,0,1740648140220,134,0.0
1740648143,0.62979,0.62988,0.0,0,1740648143454,134,0.0
1740648146,0.6298,0.62989,0.0,0,1740648146304,134,0.0
1740648150,0.62978,0.62987,0.0,0,1740648150561,134,0.0
1740648150,0.62977,0.62986,0.0,0,1740648150785,134,0.0
1740648152,0.62975,0.62984,0.0,0,1740648152792,134,0.0
1740648153,0.62976,0.62985,0.0,0,1740648153799,134,0.0
1740648157,0.62975,0.62984,0.0,0,1740648157184,134,0.0
1740648162,0.62976,0.62985,0.0,0,1740648162340,134,0.0
1740648165,0.62977,0.62986,0.0,0,1740648165775,134,0.0
1740648166,0.62978,0.62987,0.0,0,1740648166808,134,0.0
1740648170,0.62977,0.62986,0.0,0,1740648170359,134,0.0
1740648171,0.62976,0.62985,0.0,0,1740648171923,134,0.0
1740648173,0.62977,0.62986,0.0,0,1740648173335,134,0.0
1740648180,0.62977,0.62986,0.0,0,1740648180113,130,0.0
1740648181,0.62978,0.62987,0.0,0,1740648181166,134,0.0
1740648186,0.62977,0.62986,0.0,0,1740648186182,134,0.0
1740648186,0.62976,0.62985,0.0,0,1740648186207,134,0.0
1740648186,0.62974,0.62983,0.0,0,1740648186257,134,0.0
1740648193,0.62972,0.62981,0.0,0,1740648193383,134,0.0
1740648195,0.62973,0.62982,0.0,0,1740648195264,134,0.0
1740648195,0.62974,0.62983,0.0,0,1740648195372,134,0.0
1740648197,0.62975,0.62984,0.0,0,1740648197926,134,0.0
1740648199,0.62976,0.62985,0.0,0,1740648199211,134,0.0
1740648201,0.62977,0.62986,0.0,0,1740648201995,134,0.0
1740648202,0.62978,0.62987,0.0,0,1740648202557,134,0.0
1740648204,0.62979,0.62988,0.0,0,1740648204068,134,0.0
1740648210,0.6298,0.62989,0.0,0,1740648210319,134,0.0
1740648212,0.62981,0.6299,0.0,0,1740648212352,134,0.0
1740648214,0.62982,0.62991,0.0,0,1740648214025,134,0.0
1740648222,0.62983,0.62992,0.0,0,1740648222649,134,0.0
1740648224,0.62982,0.62991,0.0,0,1740648224932,134,0.0
1740648224,0.6298,0.62989,0.0,0,1740648224970,134,0.0
1740648225,0.62981,0.6299,0.0,0,1740648225981,134,0.0
1740648227,0.62982,0.62991,0.0,0,1740648227043,134,0.0
1740648228,0.62981,0.6299,0.0,0,1740648228128,134,0.0
1740648233,0.6298,0.62989,0.0,0,1740648233246,134,0.0
1740648235,0.62979,0.62988,0.0,0,1740648235495,134,0.0
1740648237,0.62978,0.62987,0.0,0,1740648237221,134,0.0
1740648239,0.62977,0.62986,0.0,0,1740648239148,134,0.0
1740648240,0.62976,0.62985,0.0,0,1740648240157,134,0.0
1740648240,0.62975,0.62984,0.0,0,1740648240218,134,0.0
1740648244,0.62976,0.62985,0.0,0,1740648244762,134,0.0
1740648245,0.62975,0.62984,0.0,0,1740648245914,134,0.0
1740648246,0.62977,0.62986,0.0,0,1740648246689,134,0.0
1740648253,0.62979,0.62988,0.0,0,1740648253413,134,0.0
1740648253,0.6298,0.62989,0.0,0,1740648253452,134,0.0
1740648253,0.62982,0.62991,0.0,0,1740648253504,134,0.0
1740648263,0.62983,0.62992,0.0,0,1740648263867,134,0.0
1740648268,0.62982,0.62991,0.0,0,1740648268274,134,0.0
1740648276,0.62983,0.62992,0.0,0,1740648276514,134,0.0
1740648277,0.62981,0.6299,0.0,0,1740648277129,134,0.0
1740648284,0.62982,0.62991,0.0,0,1740648284418,134,0.0
1740648289,0.62981,0.6299,0.0,0,1740648289288,134,0.0
1740648291,0.6298,0.62989,0.0,0,1740648291676,134,0.0
1740648291,0.62979,0.62988,0.0,0,1740648291753,134,0.0
1740648292,0.62978,0.62987,0.0,0,1740648292984,134,0.0
1740648297,0.62979,0.62988,0.0,0,1740648297881,134,0.0
1740648298,0.6298,0.62989,0.0,0,1740648298881,134,0.0
1740648300,0.62981,0.6299,0.0,0,1740648300074,134,0.0
1740648305,0.6298,0.62989,0.0,0,1740648305979,134,0.0
1740648310,0.62979,0.62988,0.0,0,1740648310217,134,0.0
1740648326,0.6298,0.62989,0.0,0,1740648326524,134,0.0
1740648326,0.62981,0.6299,0.0,0,1740648326902,134,0.0
1740648327,0.62983,0.62992,0.0,0,1740648327004,134,0.0
1740648328,0.62984,0.62993,0.0,0,1740648328169,134,0.0
1740648329,0.62982,0.62991,0.0,0,1740648329207,134,0.0
1740648329,0.62981,0.6299,0.0,0,1740648329262,134,0.0
1740648333,0.62982,0.62991,0.0,0,1740648333874,134,0.0
1740648334,0.62981,0.6299,0.0,0,1740648334899,134,0.0
1740648338,0.62982,0.62991,0.0,0,1740648338573,134,0.0
1740648341,0.62981,0.6299,0.0,0,1740648341654,134,0.0
1740648348,0.62982,0.62991,0.0,0,1740648348718,134,0.0
1740648351,0.62981,0.6299,0.0,0,1740648351513,134,0.0
1740648355,0.6298,0.62989,0.0,0,1740648355082,134,0.0
1740648355,0.62979,0.62988,0.0,0,1740648355336,134,0.0
1740648356,0.62978,0.62987,0.0,0,1740648356660,134,0.0
1740648357,0.62977,0.62986,0.0,0,1740648357633,134,0.0
1740648358,0.62975,0.62984,0.0,0,1740648358169,134,0.0
1740648358,0.62974,0.62983,0.0,0,1740648358320,134,0.0
1740648358,0.62972,0.62981,0.0,0,1740648358377,134,0.0
1740648358,0.62971,0.6298,0.0,0,1740648358439,134,0.0
1740648359,0.6297,0.62979,0.0,0,1740648359534,134,0.0
1740648360,0.62971,0.6298,0.0,0,1740648360120,134,0.0
1740648361,0.62972,0.62981,0.0,0,1740648361198,134,0.0
1740648364,0.62973,0.62982,0.0,0,1740648364576,134,0.0
1740648365,0.62974,0.62983,0.0,0,1740648365649,134,0.0
1740648366,0.62976,0.62985,0.0,0,1740648366876,134,0.0
1740648371,0.62975,0.62984,0.0,0,1740648371326,134,0.0
1740648376,0.62976,0.62985,0.0,0,1740648376134,134,0.0
1740648377,0.62974,0.62983,0.0,0,1740648377180,134,0.0
1740648378,0.62975,0.62984,0.0,0,1740648378406,134,0.0
1740648380,0.62976,0.62985,0.0,0,1740648380619,134,0.0
1740648384,0.62977,0.62986,0.0,0,1740648384532,134,0.0
1740648385,0.62979,0.62988,0.0,0,1740648385366,134,0.0
1740648387,0.6298,0.62989,0.0,0,1740648387047,134,0.0
1740648389,0.62979,0.62988,0.0,0,1740648389178,134,0.0
1740648392,0.62978,0.62987,0.0,0,1740648392660,134,0.0
1740648397,0.62979,0.62988,0.0,0,1740648397945,134,0.0
1740648402,0.6298,0.62989,0.0,0,1740648402768,134,0.0
1740648411,0.62979,0.62988,0.0,0,1740648411409,134,0.0
1740648414,0.62977,0.62986,0.0,0,1740648414720,134,0.0
1740648416,0.62976,0.62985,0.0,0,1740648416092,134,0.0
1740648417,0.62975,0.62984,0.0,0,1740648417099,134,0.0
1740648420,0.62976,0.62985,0.0,0,1740648420582,134,0.0
1740648421,0.62977,0.62986,0.0,0,1740648421334,134,0.0
1740648422,0.62978,0.62987,0.0,0,1740648422464,134,0.0
1740648430,0.62977,0.62986,0.0,0,1740648430335,134,0.0
1740648430,0.62976,0.62985,0.0,0,1740648430358,134,0.0
1740648430,0.62974,0.62983,0.0,0,1740648430377,134,0.0
1740648431,0.62975,0.62984,0.0,0,1740648431403,134,0.0
1740648431,0.62976,0.62985,0.0,0,1740648431703,134,0.0
1740648436,0.62978,0.62987,0.0,0,1740648436093,134,0.0
1740648437,0.62977,0.62986,0.0,0,1740648437178,134,0.0
1740648437,0.62975,0.62984,0.0,0,1740648437225,134,0.0
1740648440,0.62973,0.62982,0.0,0,1740648440080,134,0.0
1740648440,0.62972,0.62981,0.0,0,1740648440515,134,0.0
1740648440,0.62971,0.6298,0.0,0,1740648440578,134,0.0
1740648441,0.6297,0.62979,0.0,0,1740648441679,134,0.0
1740648442,0.62971,0.6298,0.0,0,1740648442813,134,0.0
1740648450,0.62972,0.62981,0.0,0,1740648450572,134,0.0
1740648452,0.62973,0.62982,0.0,0,1740648452014,134,0.0
1740648452,0.62971,0.6298,0.0,0,1740648452600,134,0.0
1740648464,0.6297,0.62979,0.0,0,1740648464659,134,0.0
1740648465,0.62969,0.62978,0.0,0,1740648465730,134,0.0
1740648465,0.6297,0.62979,0.0,0,1740648465759,134,0.0
1740648466,0.62972,0.62981,0.0,0,1740648466169,134,0.0
1740648466,0.62973,0.62982,0.0,0,1740648466317,134,0.0
1740648467,0.62974,0.62983,0.0,0,1740648467609,134,0.0
1740648471,0.62973,0.62982,0.0,0,1740648471206,134,0.0
1740648475,0.62974,0.62983,0.0,0,1740648475644,134,0.0
1740648478,0.62975,0.62984,0.0,0,1740648478668,134,0.0
1740648480,0.62975,0.62984,0.0,0,1740648480113,130,0.0
1740648484,0.62974,0.62983,0.0,0,1740648484771,134,0.0
1740648486,0.62973,0.62982,0.0,0,1740648486730,134,0.0
1740648486,0.62971,0.6298,0.0,0,1740648486759,134,0.0
1740648487,0.6297,0.62979,0.0,0,1740648487256,134,0.0
1740648488,0.62971,0.6298,0.0,0,1740648488343,134,0.0
1740648494,0.62969,0.62978,0.0,0,1740648494834,134,0.0
1740648502,0.6297,0.62979,0.0,0,1740648502384,134,0.0
1740648503,0.62971,0.6298,0.0,0,1740648503777,134,0.0
1740648505,0.62969,0.62978,0.0,0,1740648505373,134,0.0
1740648506,0.62968,0.62977,0.0,0,1740648506314,134,0.0
1740648515,0.62967,0.62976,0.0,0,1740648515962,134,0.0
1740648516,0.62968,0.62977,0.0,0,1740648516111,134,0.0
1740648516,0.6297,0.62979,0.0,0,1740648516713,134,0.0
1740648518,0.62971,0.6298,0.0,0,1740648518167,134,0.0
1740648519,0.62972,0.62981,0.0,0,1740648519256,134,0.0
1740648520,0.62973,0.62982,0.0,0,1740648520197,134,0.0
1740648521,0.62974,0.62983,0.0,0,1740648521224,134,0.0
1740648529,0.62975,0.62984,0.0,0,1740648529369,134,0.0
1740648534,0.62976,0.62985,0.0,0,1740648534788,134,0.0
1740648538,0.62975,0.62984,0.0,0,1740648538413,134,0.0
1740648539,0.62974,0.62983,0.0,0,1740648539462,134,0.0
1740648540,0.62975,0.62984,0.0,0,1740648540425,134,0.0
1740648541,0.62976,0.62985,0.0,0,1740648541447,134,0.0
1740648548,0.62975,0.62984,0.0,0,1740648548625,134,0.0
1740648552,0.62977,0.62986,0.0,0,1740648552241,134,0.0
1740648553,0.62978,0.62987,0.0,0,1740648553027,134,0.0
1740648557,0.62979,0.62988,0.0,0,1740648557265,134,0.0
1740648562,0.62978,0.62987,0.0,0,1740648562753,134,0.0
1740648566,0.6298,0.62989,0.0,0,1740648566199,134,0.0
1740648568,0.62981,0.6299,0.0,0,1740648568428,134,0.0
1740648575,0.62982,0.62991,0.0,0,1740648575323,134,0.0
1740648581,0.62983,0.62992,0.0,0,1740648581186,134,0.0
1740648585,0.62982,0.62991,0.0,0,1740648585103,134,0.0
1740648586,0.62983,0.62992,0.0,0,1740648586653,134,0.0
1740648588,0.62982,0.62991,0.0,0,1740648588847,134,0.0
1740648594,0.62983,0.62992,0.0,0,1740648594824,134,0.0
1740648600,0.62983,0.62992,0.0,0,1740648600453,130,0.0
1740648606,0.62982,0.62991,0.0,0,1740648606016,134,0.0
1740648608,0.62983,0.62992,0.0,0,1740648608083,134,0.0
1740648619,0.62985,0.62994,0.0,0,1740648619492,134,0.0
1740648619,0.62986,0.62995,0.0,0,1740648619511,134,0.0
1740648619,0.62987,0.62996,0.0,0,1740648619738,134,0.0
1740648621,0.62988,0.62997,0.0,0,1740648621402,134,0.0
1740648622,0.62987,0.62996,0.0,0,1740648622662,134,0.0
1740648624,0.62988,0.62997,0.0,0,1740648624951,134,0.0
1740648630,0.62987,0.62996,0.0,0,1740648630248,134,0.0
1740648635,0.62988,0.62997,0.0,0,1740648635386,134,0.0
1740648635,0.62989,0.62998,0.0,0,1740648635556,134,0.0
1740648636,0.6299,0.62999,0.0,0,1740648636497,134,0.0
1740648637,0.62992,0.63001,0.0,0,1740648637275,134,0.0
1740648637,0.6299,0.62999,0.0,0,1740648637750,134,0.0
1740648638,0.62991,0.63,0.0,0,1740648638884,134,0.0
1740648644,0.6299,0.62999,0.0,0,1740648644834,134,0.0
1740648646,0.62991,0.63,0.0,0,1740648646087,134,0.0
1740648657,0.6299,0.62999,0.0,0,1740648657569,134,0.0
1740648657,0.62989,0.62998,0.0,0,1740648657858,134,0.0
1740648659,0.62988,0.62997,0.0,0,1740648659066,134,0.0
1740648660,0.62988,0.62997,0.0,0,1740648660081,130,0.0
1740648660,0.6299,0.62999,0.0,0,1740648660549,134,0.0
1740648663,0.62989,0.62998,0.0,0,1740648663241,134,0.0
1740648668,0.6299,0.62999,0.0,0,1740648668907,134,0.0
1740648672,0.62988,0.62997,0.0,0,1740648672175,134,0.0
1740648672,0.62987,0.62996,0.0,0,1740648672185,134,0.0
1740648672,0.62985,0.62994,0.0,0,1740648672223,134,0.0
1740648672,0.62984,0.62993,0.0,0,1740648672272,134,0.0
1740648673,0.62983,0.62992,0.0,0,1740648673326,134,0.0
1740648700,0.62982,0.62991,0.0,0,1740648700535,134,0.0
1740648706,0.62981,0.6299,0.0,0,1740648706838,134,0.0
1740648706,0.62979,0.62988,0.0,0,1740648706859,134,0.0
1740648718,0.6298,0.62989,0.0,0,1740648718594,134,0.0
1740648718,0.62982,0.62991,0.0,0,1740648718618,134,0.0
1740648719,0.62983,0.62992,0.0,0,1740648719795,134,0.0
1740648720,0.62984,0.62993,0.0,0,1740648720506,134,0.0
1740648720,0.62985,0.62994,0.0,0,1740648720586,134,0.0
1740648721,0.62987,0.62996,0.0,0,1740648721629,134,0.0
1740648723,0.62985,0.62994,0.0,0,1740648723228,134,0.0
1740648725,0.62986,0.62995,0.0,0,1740648725907,134,0.0
1740648727,0.62984,0.62993,0.0,0,1740648727691,134,0.0
1740648729,0.62983,0.62992,0.0,0,1740648729703,134,0.0
1740648729,0.62981,0.6299,0.0,0,1740648729871,134,0.0
1740648732,0.62982,0.62991,0.0,0,1740648732305,134,0.0
1740648734,0.62981,0.6299,0.0,0,1740648734648,134,0.0
1740648737,0.6298,0.62989,0.0,0,1740648737302,134,0.0
1740648737,0.62978,0.62987,0.0,0,1740648737528,134,0.0
1740648740,0.62979,0.62988,0.0,0,1740648740590,134,0.0
1740648742,0.6298,0.62989,0.0,0,1740648742853,134,0.0
1740648744,0.62981,0.6299,0.0,0,1740648744196,134,0.0
1740648746,0.62982,0.62991,0.0,0,1740648746918,134,0.0
1740648764,0.62981,0.6299,0.0,0,1740648764547,134,0.0
1740648764,0.62979,0.62988,0.0,0,1740648764569,134,0.0
1740648765,0.62978,0.62987,0.0,0,1740648765614,134,0.0
1740648766,0.62979,0.62988,0.0,0,1740648766870,134,0.0
1740648768,0.62981,0.6299,0.0,0,1740648768689,134,0.0
1740648771,0.62982,0.62991,0.0,0,1740648771019,134,0.0
1740648772,0.62983,0.62992,0.0,0,1740648772092,134,0.0
1740648773,0.62984,0.62993,0.0,0,1740648773713,134,0.0
1740648779,0.62985,0.62994,0.0,0,1740648779668,134,0.0
1740648780,0.62986,0.62995,0.0,0,1740648780892,134,0.0
1740648782,0.62987,0.62996,0.0,0,1740648782174,134,0.0
1740648789,0.62988,0.62997,0.0,0,1740648789848,134,0.0
1740648792,0.62989,0.62998,0.0,0,1740648792134,134,0.0
1740648804,0.62988,0.62997,0.0,0,1740648804767,134,0.0
1740648804,0.62986,0.62995,0.0,0,1740648804916,134,0.0
1740648804,0.62985,0.62994,0.0,0,1740648804925,134,0.0
1740648809,0.62986,0.62995,0.0,0,1740648809708,134,0.0
1740648813,0.62985,0.62994,0.0,0,1740648813310,134,0.0
1740648814,0.62986,0.62995,0.0,0,1740648814359,134,0.0
1740648819,0.62985,0.62994,0.0,0,1740648819217,134,0.0
1740648820,0.62986,0.62995,0.0,0,1740648820315,134,0.0
1740648823,0.62984,0.62993,0.0,0,1740648823190,134,0.0
1740648826,0.62985,0.62994,0.0,0,1740648826582,134,0.0
1740648828,0.62987,0.62996,0.0,0,1740648828643,134,0.0
1740648830,0.62986,0.62995,0.0,0,1740648830238,134,0.0
1740648833,0.62984,0.62993,0.0,0,1740648833571,134,0.0
1740648836,0.62983,0.62992,0.0,0,1740648836277,134,0.0
1740648837,0.62984,0.62993,0.0,0,1740648837281,134,0.0
1740648838,0.62983,0.62992,0.0,0,1740648838303,134,0.0
1740648840,0.62984,0.62993,0.0,0,1740648840621,134,0.0
1740648841,0.62985,0.62994,0.0,0,1740648841859,134,0.0
1740648842,0.62984,0.62993,0.0,0,1740648842903,134,0.0
1740648844,0.62985,0.62994,0.0,0,1740648844060,134,0.0
1740648854,0.62986,0.62995,0.0,0,1740648854731,134,0.0
1740648855,0.62985,0.62994,0.0,0,1740648855814,134,0.0
1740648857,0.62986,0.62995,0.0,0,1740648857058,134,0.0
1740648863,0.62984,0.62993,0.0,0,1740648863629,134,0.0
1740648863,0.62983,0.62992,0.0,0,1740648863748,134,0.0
1740648868,0.62982,0.62991,0.0,0,1740648868659,134,0.0
1740648870,0.62983,0.62992,0.0,0,1740648870114,134,0.0
1740648871,0.62981,0.6299,0.0,0,1740648871095,134,0.0
1740648871,0.6298,0.62989,0.0,0,1740648871125,134,0.0
1740648873,0.62979,0.62988,0.0,0,1740648873339,134,0.0
1740648873,0.62977,0.62986,0.0,0,1740648873450,134,0.0
1740648874,0.62978,0.62987,0.0,0,1740648874454,134,0.0
1740648876,0.62979,0.62988,0.0,0,1740648876604,134,0.0
1740648879,0.62978,0.62987,0.0,0,1740648879140,134,0.0
1740648884,0.62979,0.62988,0.0,0,1740648884931,134,0.0
1740648887,0.62978,0.62987,0.0,0,1740648887180,134,0.0
1740648887,0.6298,0.62989,0.0,0,1740648887241,134,0.0
1740648888,0.62981,0.6299,0.0,0,1740648888242,134,0.0
1740648892,0.6298,0.62989,0.0,0,1740648892653,134,0.0
1740648895,0.62979,0.62988,0.0,0,1740648895648,134,0.0
1740648896,0.62978,0.62987,0.0,0,1740648896663,134,0.0
1740648900,0.62978,0.62987,0.0,0,1740648900113,130,0.0
1740648903,0.6298,0.62989,0.0,0,1740648903399,134,0.0
1740648904,0.62979,0.62988,0.0,0,1740648904407,134,0.0
1740648916,0.62978,0.62987,0.0,0,1740648916902,134,0.0
1740648919,0.62977,0.62986,0.0,0,1740648919037,134,0.0
1740648921,0.62978,0.62987,0.0,0,1740648921635,134,0.0
1740648923,0.6298,0.62989,0.0,0,1740648923950,134,0.0
1740648924,0.62981,0.6299,0.0,0,1740648924393,134,0.0
1740648931,0.62982,0.62991,0.0,0,1740648931174,134,0.0
1740648936,0.62983,0.62992,0.0,0,1740648936804,134,0.0
1740648938,0.62982,0.62991,0.0,0,1740648938083,134,0.0
1740648941,0.62983,0.62992,0.0,0,1740648941179,134,0.0
1740648954,0.62982,0.62991,0.0,0,1740648954988,134,0.0
1740648955,0.6298,0.62989,0.0,0,1740648955006,134,0.0
1740648956,0.62982,0.62991,0.0,0,1740648956277,134,0.0
1740648960,0.62982,0.62991,0.0,0,1740648960060,130,0.0
1740648960,0.62983,0.62992,0.0,0,1740648960152,134,0.0
1740648960,0.62985,0.62994,0.0,0,1740648960199,134,0.0
1740648960,0.62986,0.62995,0.0,0,1740648960213,134,0.0
1740648961,0.62987,0.62996,0.0,0,1740648961219,134,0.0
1740648962,0.62986,0.62995,0.0,0,1740648962263,134,0.0
1740648963,0.62987,0.62996,0.0,0,1740648963264,134,0.0
1740648966,0.62986,0.62995,0.0,0,1740648966224,134,0.0
1740648972,0.62987,0.62996,0.0,0,1740648972177,134,0.0
1740648972,0.62986,0.62995,0.0,0,1740648972254,134,0.0
1740648973,0.62984,0.62993,0.0,0,1740648973933,134,0.0
1740648976,0.62986,0.62995,0.0,0,1740648976958,134,0.0
1740648978,0.62987,0.62996,0.0,0,1740648978866,134,0.0
1740648979,0.62989,0.62998,0.0,0,1740648979135,134,0.0
1740648983,0.62988,0.62997,0.0,0,1740648983063,134,0.0
1740648984,0.62989,0.62998,0.0,0,1740648984115,134,0.0
1740648987,0.62988,0.62997,0.0,0,1740648987519,134,0.0
1740648989,0.62989,0.62998,0.0,0,1740648989833,134,0.0
1740648991,0.6299,0.62999,0.0,0,1740648991813,134,0.0
1740649000,0.62989,0.62998,0.0,0,1740649000279,134,0.0
1740649002,0.62988,0.62997,0.0,0,1740649002483,134,0.0
1740649006,0.62989,0.62998,0.0,0,1740649006344,134,0.0
1740649007,0.62988,0.62997,0.0,0,1740649007387,134,0.0
1740649017,0.62987,0.62996,0.0,0,1740649017458,134,0.0
1740649018,0.62988,0.62997,0.0,0,1740649018845,134,0.0
1740649020,0.62988,0.62997,0.0,0,1740649020994,130,0.0
1740649021,0.62989,0.62998,0.0,0,1740649021294,134,0.0
1740649021,0.6299,0.62999,0.0,0,1740649021315,134,0.0
1740649021,0.62992,0.63001,0.0,0,1740649021390,134,0.0
1740649026,0.6299,0.62999,0.0,0,1740649026271,134,0.0
1740649028,0.62989,0.62998,0.0,0,1740649028525,134,0.0
1740649032,0.62991,0.63,0.0,0,1740649032982,134,0.0
1740649036,0.62992,0.63001,0.0,0,1740649036496,134,0.0
1740649036,0.62993,0.63002,0.0,0,1740649036940,134,0.0
1740649039,0.62994,0.63003,0.0,0,1740649039152,134,0.0
1740649042,0.62995,0.63004,0.0,0,1740649042925,134,0.0
1740649045,0.62994,0.63003,0.0,0,1740649045037,134,0.0
1740649045,0.62995,0.63004,0.0,0,1740649045815,134,0.0
1740649046,0.62996,0.63005,0.0,0,1740649046925,134,0.0
1740649052,0.62995,0.63004,0.0,0,1740649052682,134,0.0
1740649054,0.62996,0.63005,0.0,0,1740649054844,134,0.0
1740649057,0.62997,0.63006,0.0,0,1740649057176,134,0.0
1740649061,0.62998,0.63007,0.0,0,1740649061958,134,0.0
1740649065,0.62999,0.63008,0.0,0,1740649065656,134,0.0
1740649067,0.62997,0.63006,0.0,0,1740649067094,134,0.0
1740649068,0.62996,0.63005,0.0,0,1740649068977,134,0.0
1740649070,0.62997,0.63006,0.0,0,1740649070175,134,0.0
1740649071,0.62998,0.63007,0.0,0,1740649071358,134,0.0
1740649073,0.62999,0.63008,0.0,0,1740649073957,134,0.0
1740649076,0.62998,0.63007,0.0,0,1740649076025,134,0.0
1740649078,0.62997,0.63006,0.0,0,1740649078471,134,0.0
1740649079,0.62996,0.63005,0.0,0,1740649079369,134,0.0
1740649080,0.62997,0.63006,0.0,0,1740649080390,134,0.0
1740649081,0.62996,0.63005,0.0,0,1740649081384,134,0.0
1740649085,0.62997,0.63006,0.0,0,1740649085731,134,0.0
1740649092,0.62998,0.63007,0.0,0,1740649092905,134,0.0
1740649094,0.62999,0.63008,0.0,0,1740649094148,134,0.0
1740649094,0.63,0.63009,0.0,0,1740649094214,134,0.0
1740649094,0.63002,0.63011,0.0,0,1740649094237,134,0.0
1740649100,0.63001,0.6301,0.0,0,1740649100712,134,0.0
1740649101,0.63,0.63009,0.0,0,1740649101696,134,0.0
1740649101,0.62999,0.63008,0.0,0,1740649101740,134,0.0
1740649107,0.62998,0.63007,0.0,0,1740649107616,134,0.0
1740649110,0.63,0.63009,0.0,0,1740649110118,134,0.0
1740649114,0.62999,0.63008,0.0,0,1740649114250,134,0.0
1740649115,0.63,0.63009,0.0,0,1740649115635,134,0.0
1740649116,0.62999,0.63008,0.0,0,1740649116644,134,0.0
1740649120,0.63,0.63009,0.0,0,1740649120082,134,0.0
1740649120,0.62998,0.63007,0.0,0,1740649120375,134,0.0
1740649120,0.62997,0.63006,0.0,0,1740649120521,134,0.0
1740649122,0.62996,0.63005,0.0,0,1740649122186,134,0.0
1740649125,0.62997,0.63006,0.0,0,1740649125685,134,0.0
1740649127,0.62996,0.63005,0.0,0,1740649127327,134,0.0
1740649128,0.62997,0.63006,0.0,0,1740649128418,134,0.0
1740649130,0.62998,0.63007,0.0,0,1740649130683,134,0.0
1740649139,0.62997,0.63006,0.0,0,1740649139041,134,0.0
1740649139,0.62995,0.63004,0.0,0,1740649139911,134,0.0
1740649141,0.62995,0.63004,0.0,0,1740649141226,130,0.0
1740649142,0.62994,0.63003,0.0,0,1740649142240,134,0.0
1740649143,0.62993,0.63002,0.0,0,1740649143972,134,0.0
1740649150,0.62991,0.63,0.0,0,1740649150598,134,0.0
1740649154,0.62992,0.63001,0.0,0,1740649154038,134,0.0
1740649154,0.6299,0.62999,0.0,0,1740649154633,134,0.0
1740649159,0.62989,0.62998,0.0,0,1740649159304,134,0.0
1740649160,0.6299,0.62999,0.0,0,1740649160490,134,0.0
1740649161,0.62989,0.62998,0.0,0,1740649161831,134,0.0
1740649164,0.6299,0.62999,0.0,0,1740649164028,134,0.0
1740649166,0.62989,0.62998,0.0,0,1740649166153,134,0.0
1740649173,0.62988,0.62997,0.0,0,1740649173031,134,0.0
1740649174,0.6299,0.62999,0.0,0,1740649174330,134,0.0
1740649175,0.62988,0.62997,0.0,0,1740649175489,134,0.0
1740649176,0.62987,0.62996,0.0,0,1740649176154,134,0.0
1740649176,0.62986,0.62995,0.0,0,1740649176276,134,0.0
1740649176,0.62984,0.62993,0.0,0,1740649176438,134,0.0
1740649178,0.62986,0.62995,0.0,0,1740649178119,134,0.0
1740649178,0.62987,0.62996,0.0,0,1740649178195,134,0.0
1740649179,0.62988,0.62997,0.0,0,1740649179414,134,0.0
1740649180,0.62989,0.62998,0.0,0,1740649180470,134,0.0
1740649181,0.62988,0.62997,0.0,0,1740649181477,134,0.0
1740649185,0.62986,0.62995,0.0,0,1740649185935,134,0.0
1740649187,0.62985,0.62994,0.0,0,1740649187478,134,0.0
1740649188,0.62987,0.62996,0.0,0,1740649188478,134,0.0
1740649189,0.62988,0.62997,0.0,0,1740649189511,134,0.0
1740649192,0.6299,0.62999,0.0,0,1740649192321,134,0.0
1740649195,0.62992,0.63001,0.0,0,1740649195244,134,0.0
1740649195,0.62993,0.63002,0.0,0,1740649195269,134,0.0
1740649196,0.62994,0.63003,0.0,0,1740649196295,134,0.0
1740649200,0.62996,0.63005,0.0,0,1740649200116,134,0.0
1740649200,0.62997,0.63006,0.0,0,1740649200260,134,0.0
1740649201,0.62996,0.63005,0.0,0,1740649201349,134,0.0
1740649205,0.62997,0.63006,0.0,0,1740649205241,134,0.0
1740649206,0.62998,0.63007,0.0,0,1740649206505,134,0.0
1740649213,0.62997,0.63006,0.0,0,1740649213268,134,0.0
1740649213,0.62999,0.63008,0.0,0,1740649213842,134,0.0
1740649213,0.63,0.63009,0.0,0,1740649213858,134,0.0
1740649213,0.63002,0.63011,0.0,0,1740649213890,134,0.0
1740649217,0.63001,0.6301,0.0,0,1740649217471,134,0.0
1740649219,0.63002,0.63011,0.0,0,1740649219833,134,0.0
1740649219,0.63004,0.63013,0.0,0,1740649219913,134,0.0
1740649220,0.63005,0.63014,0.0,0,1740649220963,134,0.0
1740649222,0.63003,0.63012,0.0,0,1740649222194,134,0.0
1740649223,0.63002,0.63011,0.0,0,1740649223749,134,0.0
1740649224,0.63003,0.63012,0.0,0,1740649224877,134,0.0
1740649226,0.63005,0.63014,0.0,0,1740649226542,134,0.0
1740649227,0.63004,0.63013,0.0,0,1740649227766,134,0.0
1740649228,0.63003,0.63012,0.0,0,1740649228869,134,0.0
1740649229,0.63004,0.63013,0.0,0,1740649229873,134,0.0
1740649230,0.63002,0.63011,0.0,0,1740649230960,134,0.0
1740649231,0.63001,0.6301,0.0,0,1740649231160,134,0.0
1740649232,0.63002,0.63011,0.0,0,1740649232345,134,0.0
1740649233,0.63003,0.63012,0.0,0,1740649233005,134,0.0
1740649233,0.63005,0.63014,0.0,0,1740649233120,134,0.0
1740649235,0.63004,0.63013,0.0,0,1740649235451,134,0.0
1740649237,0.63005,0.63014,0.0,0,1740649237477,134,0.0
1740649241,0.63006,0.63015,0.0,0,1740649241578,134,0.0
1740649244,0.63005,0.63014,0.0,0,1740649244768,134,0.0
1740649246,0.63003,0.63012,0.0,0,1740649246934,134,0.0
1740649247,0.63002,0.63011,0.0,0,1740649247106,134,0.0
1740649251,0.63001,0.6301,0.0,0,1740649251177,134,0.0
1740649251,0.62999,0.63008,0.0,0,1740649251313,134,0.0
1740649251,0.62998,0.63007,0.0,0,1740649251348,134,0.0
1740649252,0.62997,0.63006,0.0,0,1740649252548,134,0.0
1740649253,0.62996,0.63005,0.0,0,1740649253038,134,0.0
1740649253,0.62995,0.63004,0.0,0,1740649253599,134,0.0
1740649254,0.62993,0.63002,0.0,0,1740649254677,134,0.0
1740649256,0.62994,0.63003,0.0,0,1740649256698,134,0.0
1740649258,0.62995,0.63004,0.0,0,1740649258173,134,0.0
1740649260,0.62995,0.63004,0.0,0,1740649260322,130,0.0
1740649262,0.62994,0.63003,0.0,0,1740649262864,134,0.0
1740649263,0.62992,0.63001,0.0,0,1740649263651,134,0.0
1740649264,0.62993,0.63002,0.0,0,1740649264777,134,0.0
1740649276,0.62992,0.63001,0.0,0,1740649276312,134,0.0
1740649277,0.62991,0.63,0.0,0,1740649277328,134,0.0
1740649278,0.62989,0.62998,0.0,0,1740649278753,134,0.0
1740649279,0.62988,0.62997,0.0,0,1740649279989,134,0.0
1740649282,0.62989,0.62998,0.0,0,1740649282008,134,0.0
1740649285,0.6299,0.62999,0.0,0,1740649285472,134,0.0
1740649287,0.62991,0.63,0.0,0,1740649287540,134,0.0
1740649289,0.6299,0.62999,0.0,0,1740649289634,134,0.0
1740649291,0.62989,0.62998,0.0,0,1740649291176,134,0.0
1740649291,0.62988,0.62997,0.0,0,1740649291212,134,0.0
1740649292,0.62987,0.62996,0.0,0,1740649292361,134,0.0
1740649296,0.62986,0.62995,0.0,0,1740649296504,134,0.0
1740649300,0.62987,0.62996,0.0,0,1740649300347,134,0.0
1740649301,0.62986,0.62995,0.0,0,1740649301623,134,0.0
1740649305,0.62985,0.62994,0.0,0,1740649305129,134,0.0
1740649318,0.62986,0.62995,0.0,0,1740649318951,134,0.0
1740649320,0.62986,0.62995,0.0,0,1740649320113,130,0.0
1740649320,0.62987,0.62996,0.0,0,1740649320139,134,0.0
1740649320,0.62989,0.62998,0.0,0,1740649320228,134,0.0
1740649323,0.6299,0.62999,0.0,0,1740649323540,134,0.0
1740649351,0.62988,0.62997,0.0,0,1740649351859,134,0.0
1740649370,0.62987,0.62996,0.0,0,1740649370046,134,0.0
1740649371,0.62986,0.62995,0.0,0,1740649371197,134,0.0
1740649372,0.62985,0.62994,0.0,0,1740649372688,134,0.0
1740649373,0.62984,0.62993,0.0,0,1740649373778,134,0.0
1740649377,0.62986,0.62995,0.0,0,1740649377454,134,0.0
1740649377,0.62987,0.62996,0.0,0,1740649377487,134,0.0
1740649379,0.62988,0.62997,0.0,0,1740649379130,134,0.0
1740649380,0.62988,0.62997,0.0,0,1740649380134,130,0.0
1740649381,0.62986,0.62995,0.0,0,1740649381952,134,0.0
1740649385,0.62984,0.62993,0.0,0,1740649385587,134,0.0
1740649387,0.62985,0.62994,0.0,0,1740649387558,134,0.0
1740649391,0.62983,0.62992,0.0,0,1740649391505,134,0.0
1740649399,0.62985,0.62994,0.0,0,1740649399290,134,0.0
1740649401,0.62986,0.62995,0.0,0,1740649401729,134,0.0
1740649402,0.62988,0.62997,0.0,0,1740649402206,134,0.0
1740649406,0.62989,0.62998,0.0,0,1740649406818,134,0.0
1740649407,0.62988,0.62997,0.0,0,1740649407947,134,0.0
1740649412,0.6299,0.62999,0.0,0,1740649412583,134,0.0
1740649413,0.62991,0.63,0.0,0,1740649413172,134,0.0
1740649414,0.62992,0.63001,0.0,0,1740649414272,134,0.0
1740649420,0.62993,0.63002,0.0,0,1740649420748,134,0.0
1740649421,0.62994,0.63003,0.0,0,1740649421779,134,0.0
1740649424,0.62995,0.63004,0.0,0,1740649424025,134,0.0
1740649425,0.62996,0.63005,0.0,0,1740649425030,134,0.0
1740649425,0.62997,0.63006,0.0,0,1740649425203,134,0.0
1740649426,0.62998,0.63007,0.0,0,1740649426608,134,0.0
1740649429,0.62999,0.63008,0.0,0,1740649429969,134,0.0
1740649429,0.63001,0.6301,0.0,0,1740649429983,134,0.0
1740649434,0.63002,0.63011,0.0,0,1740649434597,134,0.0
1740649436,0.63001,0.6301,0.0,0,1740649436777,134,0.0
1740649436,0.63003,0.63012,0.0,0,1740649436817,134,0.0
1740649440,0.63004,0.63013,0.0,0,1740649440176,134,0.0
1740649442,0.63005,0.63014,0.0,0,1740649442348,134,0.0
1740649443,0.63006,0.63015,0.0,0,1740649443436,134,0.0
1740649444,0.63005,0.63014,0.0,0,1740649444447,134,0.0
1740649450,0.63006,0.63015,0.0,0,1740649450395,134,0.0
1740649451,0.63004,0.63013,0.0,0,1740649451864,134,0.0
1740649457,0.63003,0.63012,0.0,0,1740649457521,134,0.0
1740649457,0.63002,0.63011,0.0,0,1740649457584,134,0.0
1740649458,0.63003,0.63012,0.0,0,1740649458745,134,0.0
1740649459,0.63004,0.63013,0.0,0,1740649459544,134,0.0
1740649462,0.63006,0.63015,0.0,0,1740649462565,134,0.0
1740649465,0.63005,0.63014,0.0,0,1740649465106,134,0.0
1740649465,0.63004,0.63013,0.0,0,1740649465973,134,0.0
1740649466,0.63002,0.63011,0.0,0,1740649466170,134,0.0
1740649467,0.63001,0.6301,0.0,0,1740649467278,134,0.0
1740649470,0.63,0.63009,0.0,0,1740649470763,134,0.0
1740649478,0.63001,0.6301,0.0,0,1740649478996,134,0.0
1740649480,0.63,0.63009,0.0,0,1740649480225,134,0.0
1740649482,0.63001,0.6301,0.0,0,1740649482796,134,0.0
1740649485,0.63,0.63009,0.0,0,1740649485017,134,0.0
1740649487,0.63001,0.6301,0.0,0,1740649487347,134,0.0
1740649488,0.63,0.63009,0.0,0,1740649488348,134,0.0
1740649489,0.62999,0.63008,0.0,0,1740649489361,134,0.0
1740649490,0.63,0.63009,0.0,0,1740649490384,134,0.0
1740649491,0.63001,0.6301,0.0,0,1740649491420,134,0.0
1740649499,0.63,0.63009,0.0,0,1740649499033,134,0.0
1740649500,0.63,0.63009,0.0,0,1740649500116,130,0.0
1740649500,0.63002,0.63011,0.0,0,1740649500161,134,0.0
1740649505,0.63,0.63009,0.0,0,1740649505946,134,0.0
1740649508,0.62999,0.63008,0.0,0,1740649508169,134,0.0
1740649509,0.62998,0.63007,0.0,0,1740649509388,134,0.0
1740649513,0.62999,0.63008,0.0,0,1740649513469,134,0.0
1740649514,0.62998,0.63007,0.0,0,1740649514601,134,0.0
1740649514,0.62996,0.63005,0.0,0,1740649514681,134,0.0
1740649519,0.62994,0.63003,0.0,0,1740649519450,134,0.0
1740649520,0.62995,0.63004,0.0,0,1740649520458,134,0.0
1740649522,0.62994,0.63003,0.0,0,1740649522319,134,0.0
1740649522,0.62992,0.63001,0.0,0,1740649522435,134,0.0
1740649522,0.62991,0.63,0.0,0,1740649522586,134,0.0
1740649523,0.62992,0.63001,0.0,0,1740649523874,134,0.0
1740649529,0.62993,0.63002,0.0,0,1740649529275,134,0.0
1740649535,0.62992,0.63001,0.0,0,1740649535212,134,0.0
1740649535,0.62993,0.63002,0.0,0,1740649535709,134,0.0
1740649535,0.62994,0.63003,0.0,0,1740649535800,134,0.0
1740649537,0.62995,0.63004,0.0,0,1740649537203,134,0.0
1740649538,0.62994,0.63003,0.0,0,1740649538463,134,0.0
1740649539,0.62995,0.63004,0.0,0,1740649539613,134,0.0
1740649543,0.62994,0.63003,0.0,0,1740649543190,134,0.0
1740649546,0.62996,0.63005,0.0,0,1740649546822,134,0.0
1740649549,0.62997,0.63006,0.0,0,1740649549950,134,0.0
1740649551,0.62998,0.63007,0.0,0,1740649551068,134,0.0
1740649555,0.63,0.63009,0.0,0,1740649555821,134,0.0
1740649560,0.63001,0.6301,0.0,0,1740649560181,134,0.0
1740649560,0.63002,0.63011,0.0,0,1740649560672,134,0.0
1740649561,0.63003,0.63012,0.0,0,1740649561976,134,0.0
1740649567,0.63002,0.63011,0.0,0,1740649567455,134,0.0
1740649568,0.63003,0.63012,0.0,0,1740649568542,134,0.0
1740649570,0.63002,0.63011,0.0,0,1740649570148,134,0.0
1740649571,0.63001,0.6301,0.0,0,1740649571391,134,0.0
1740649573,0.63,0.63009,0.0,0,1740649573025,134,0.0
1740649574,0.63002,0.63011,0.0,0,1740649574962,134,0.0
1740649576,0.63003,0.63012,0.0,0,1740649576170,134,0.0
1740649577,0.63002,0.63011,0.0,0,1740649577727,134,0.0
1740649579,0.63001,0.6301,0.0,0,1740649579922,134,0.0
1740649581,0.63002,0.63011,0.0,0,1740649581036,134,0.0
1740649589,0.63003,0.63012,0.0,0,1740649589069,134,0.0
1740649590,0.63004,0.63013,0.0,0,1740649590113,134,0.0
1740649594,0.63003,0.63012,0.0,0,1740649594313,134,0.0
1740649597,0.63002,0.63011,0.0,0,1740649597081,134,0.0
1740649598,0.63001,0.6301,0.0,0,1740649598341,134,0.0
1740649598,0.62999,0.63008,0.0,0,1740649598426,134,0.0
1740649598,0.62998,0.63007,0.0,0,1740649598585,134,0.0
1740649600,0.62997,0.63006,0.0,0,1740649600279,134,0.0
1740649606,0.62998,0.63007,0.0,0,1740649606169,134,0.0
1740649615,0.62999,0.63008,0.0,0,1740649615727,134,0.0
1740649616,0.62998,0.63007,0.0,0,1740649616898,134,0.0
1740649618,0.62997,0.63006,0.0,0,1740649618046,134,0.0
1740649619,0.62996,0.63005,0.0,0,1740649619618,134,0.0
1740649620,0.62997,0.63006,0.0,0,1740649620411,134,0.0
1740649622,0.62998,0.63007,0.0,0,1740649622461,134,0.0
1740649635,0.62997,0.63006,0.0,0,1740649635609,134,0.0
1740649639,0.62999,0.63008,0.0,0,1740649639612,134,0.0
1740649640,0.62998,0.63007,0.0,0,1740649640919,134,0.0
1740649643,0.62999,0.63008,0.0,0,1740649643212,134,0.0
1740649644,0.63,0.63009,0.0,0,1740649644215,134,0.0
1740649645,0.63001,0.6301,0.0,0,1740649645298,134,0.0
1740649646,0.63,0.63009,0.0,0,1740649646318,134,0.0
1740649650,0.63001,0.6301,0.0,0,1740649650363,134,0.0
1740649655,0.63002,0.63011,0.0,0,1740649655300,134,0.0
1740649656,0.63001,0.6301,0.0,0,1740649656391,134,0.0
1740649667,0.63002,0.63011,0.0,0,1740649667092,134,0.0
1740649669,0.63003,0.63012,0.0,0,1740649669426,134,0.0
1740649671,0.63004,0.63013,0.0,0,1740649671622,134,0.0
1740649672,0.63003,0.63012,0.0,0,1740649672700,134,0.0
1740649681,0.63004,0.63013,0.0,0,1740649681219,134,0.0
1740649694,0.63003,0.63012,0.0,0,1740649694667,134,0.0
1740649702,0.63005,0.63014,0.0,0,1740649702703,134,0.0
1740649707,0.63004,0.63013,0.0,0,1740649707767,134,0.0
1740649709,0.63005,0.63014,0.0,0,1740649709498,134,0.0
1740649710,0.63006,0.63015,0.0,0,1740649710914,134,0.0
1740649711,0.63005,0.63014,0.0,0,1740649711201,134,0.0
1740649711,0.63003,0.63012,0.0,0,1740649711353,134,0.0
1740649711,0.63002,0.63011,0.0,0,1740649711412,134,0.0
1740649712,0.63001,0.6301,0.0,0,1740649712522,134,0.0
1740649713,0.63002,0.63011,0.0,0,1740649713021,134,0.0
1740649715,0.63001,0.6301,0.0,0,1740649715537,134,0.0
1740649715,0.63,0.63009,0.0,0,1740649715628,134,0.0
1740649716,0.62998,0.63007,0.0,0,1740649716408,134,0.0
1740649725,0.62999,0.63008,0.0,0,1740649725636,134,0.0
1740649735,0.62998,0.63007,0.0,0,1740649735474,134,0.0
1740649739,0.62999,0.63008,0.0,0,1740649739349,134,0.0
1740649741,0.63,0.63009,0.0,0,1740649741105,134,0.0
1740649745,0.62999,0.63008,0.0,0,1740649745443,134,0.0
1740649749,0.63,0.63009,0.0,0,1740649749375,134,0.0
1740649753,0.63001,0.6301,0.0,0,1740649753717,134,0.0
1740649753,0.63003,0.63012,0.0,0,1740649753775,134,0.0
1740649759,0.63004,0.63013,0.0,0,1740649759875,134,0.0
1740649762,0.63005,0.63014,0.0,0,1740649762269,134,0.0
1740649770,0.63006,0.63015,0.0,0,1740649770453,134,0.0
1740649771,0.63005,0.63014,0.0,0,1740649771551,134,0.0
1740649773,0.63006,0.63015,0.0,0,1740649773749,134,0.0
1740649795,0.63008,0.63017,0.0,0,1740649795007,134,0.0
1740649796,0.63007,0.63016,0.0,0,1740649796114,134,0.0
1740649801,0.63006,0.63015,0.0,0,1740649801948,134,0.0
1740649803,0.63008,0.63017,0.0,0,1740649803496,134,0.0
1740649804,0.63009,0.63018,0.0,0,1740649804886,134,0.0
1740649805,0.63011,0.6302,0.0,0,1740649805359,134,0.0
1740649805,0.63012,0.63021,0.0,0,1740649805525,134,0.0
1740649805,0.63011,0.6302,0.0,0,1740649805988,134,0.0
1740649806,0.63009,0.63018,0.0,0,1740649806278,134,0.0
1740649806,0.63008,0.63017,0.0,0,1740649806948,134,0.0
1740649808,0.63007,0.63016,0.0,0,1740649808171,134,0.0
1740649809,0.63009,0.63018,0.0,0,1740649809718,134,0.0
1740649810,0.6301,0.63019,0.0,0,1740649810033,134,0.0
1740649811,0.63011,0.6302,0.0,0,1740649811481,134,0.0
1740649812,0.63009,0.63018,0.0,0,1740649812060,134,0.0
1740649812,0.63008,0.63017,0.0,0,1740649812111,134,0.0
1740649815,0.63009,0.63018,0.0,0,1740649815653,134,0.0
1740649817,0.6301,0.63019,0.0,0,1740649817038,134,0.0
1740649817,0.63011,0.6302,0.0,0,1740649817477,134,0.0
1740649817,0.63013,0.63022,0.0,0,1740649817504,134,0.0
1740649824,0.63012,0.63021,0.0,0,1740649824326,134,0.0
1740649825,0.63013,0.63022,0.0,0,1740649825444,134,0.0
1740649826,0.63014,0.63023,0.0,0,1740649826430,134,0.0
1740649832,0.63015,0.63024,0.0,0,1740649832880,134,0.0
1740649834,0.63016,0.63025,0.0,0,1740649834314,134,0.0
1740649838,0.63014,0.63023,0.0,0,1740649838870,134,0.0
1740649843,0.63015,0.63024,0.0,0,1740649843069,134,0.0
1740649844,0.63016,0.63025,0.0,0,1740649844159,134,0.0
1740649848,0.63017,0.63026,0.0,0,1740649848610,134,0.0
1740649851,0.63016,0.63025,0.0,0,1740649851583,134,0.0
1740649856,0.63017,0.63026,0.0,0,1740649856725,134,0.0
1740649858,0.63018,0.63027,0.0,0,1740649858171,134,0.0
1740649858,0.63017,0.63026,0.0,0,1740649858829,134,0.0
1740649859,0.63016,0.63025,0.0,0,1740649859873,134,0.0
1740649860,0.63018,0.63027,0.0,0,1740649860331,134,0.0
1740649861,0.63019,0.63028,0.0,0,1740649861445,134,0.0
1740649864,0.6302,0.63029,0.0,0,1740649864358,134,0.0
1740649865,0.63019,0.63028,0.0,0,1740649865461,134,0.0
1740649866,0.63018,0.63027,0.0,0,1740649866482,134,0.0
1740649868,0.63017,0.63026,0.0,0,1740649868987,134,0.0
1740649870,0.63016,0.63025,0.0,0,1740649870032,134,0.0
1740649873,0.63015,0.63024,0.0,0,1740649873868,134,0.0
1740649876,0.63014,0.63023,0.0,0,1740649876620,134,0.0
1740649879,0.63012,0.63021,0.0,0,1740649879946,134,0.0
1740649880,0.63011,0.6302,0.0,0,1740649880186,134,0.0
1740649881,0.6301,0.63019,0.0,0,1740649881210,134,0.0
1740649886,0.63011,0.6302,0.0,0,1740649886652,134,0.0
1740649890,0.6301,0.63019,0.0,0,1740649890117,134,0.0
1740649893,0.63009,0.63018,0.0,0,1740649893546,134,0.0
1740649896,0.63007,0.63016,0.0,0,1740649896203,134,0.0
1740649900,0.63005,0.63014,0.0,0,1740649900996,134,0.0
1740649902,0.63004,0.63013,0.0,0,1740649902197,134,0.0
1740649904,0.63005,0.63014,0.0,0,1740649904587,134,0.0
1740649905,0.63006,0.63015,0.0,0,1740649905272,134,0.0
1740649907,0.63005,0.63014,0.0,0,1740649907522,134,0.0
1740649911,0.63006,0.63015,0.0,0,1740649911615,134,0.0
1740649916,0.63004,0.63013,0.0,0,1740649916728,134,0.0
1740649920,0.63004,0.63013,0.0,0,1740649920114,130,0.0
1740649920,0.63005,0.63014,0.0,0,1740649920193,134,0.0
1740649920,0.63007,0.63016,0.0,0,1740649920278,134,0.0
1740649921,0.63005,0.63014,0.0,0,1740649921270,134,0.0
1740649922,0.63004,0.63013,0.0,0,1740649922426,134,0.0
1740649930,0.63002,0.63011,0.0,0,1740649930109,134,0.0
1740649935,0.63003,0.63012,0.0,0,1740649935074,134,0.0
1740649937,0.63004,0.63013,0.0,0,1740649937101,134,0.0
1740649937,0.63006,0.63015,0.0,0,1740649937910,134,0.0
1740649938,0.63007,0.63016,0.0,0,1740649938402,134,0.0
1740649938,0.63008,0.63017,0.0,0,1740649938758,134,0.0
1740649939,0.6301,0.63019,0.0,0,1740649939051,134,0.0
1740649940,0.63011,0.6302,0.0,0,1740649940193,134,0.0
1740649941,0.6301,0.63019,0.0,0,1740649941329,134,0.0
1740649943,0.63011,0.6302,0.0,0,1740649943459,134,0.0
1740649944,0.63012,0.63021,0.0,0,1740649944700,134,0.0
1740649947,0.6301,0.63019,0.0,0,1740649947473,134,0.0
1740649948,0.63009,0.63018,0.0,0,1740649948523,134,0.0
1740649949,0.63011,0.6302,0.0,0,1740649949453,134,0.0
1740649950,0.63012,0.63021,0.0,0,1740649950183,134,0.0
1740649951,0.63013,0.63022,0.0,0,1740649951303,134,0.0
1740649952,0.63014,0.63023,0.0,0,1740649952485,134,0.0
1740649953,0.63015,0.63024,0.0,0,1740649953570,134,0.0
1740649955,0.63014,0.63023,0.0,0,1740649955456,134,0.0
1740649965,0.63015,0.63024,0.0,0,1740649965972,134,0.0
1740649969,0.63016,0.63025,0.0,0,1740649969556,134,0.0
1740649979,0.63017,0.63026,0.0,0,1740649979527,134,0.0
1740649981,0.63018,0.63027,0.0,0,1740649981085,134,0.0
1740649981,0.63016,0.63025,0.0,0,1740649981223,134,0.0
1740649981,0.63015,0.63024,0.0,0,1740649981366,134,0.0
1740649983,0.63014,0.63023,0.0,0,1740649983436,134,0.0
1740650001,0.63013,0.63022,0.0,0,1740650001572,134,0.0
1740650007,0.63014,0.63023,0.0,0,1740650007793,134,0.0
1740650009,0.63013,0.63022,0.0,0,1740650009018,134,0.0
1740650011,0.63014,0.63023,0.0,0,1740650011838,134,0.0
1740650017,0.63015,0.63024,0.0,0,1740650017028,134,0.0
1740650019,0.63016,0.63025,0.0,0,1740650019780,134,0.0
1740650019,0.63018,0.63027,0.0,0,1740650019804,134,0.0
1740650022,0.63017,0.63026,0.0,0,1740650022736,134,0.0
1740650029,0.63016,0.63025,0.0,0,1740650029493,134,0.0
1740650030,0.63015,0.63024,0.0,0,1740650030763,134,0.0
1740650031,0.63017,0.63026,0.0,0,1740650031584,134,0.0
1740650031,0.63018,0.63027,0.0,0,1740650031619,134,0.0
1740650040,0.63018,0.63027,0.0,0,1740650040113,130,0.0
1740650044,0.6302,0.63029,0.0,0,1740650044699,134,0.0
1740650046,0.63019,0.63028,0.0,0,1740650046178,134,0.0
1740650047,0.63018,0.63027,0.0,0,1740650047468,134,0.0
1740650051,0.63019,0.63028,0.0,0,1740650051137,134,0.0
1740650052,0.63018,0.63027,0.0,0,1740650052198,134,0.0
1740650054,0.63017,0.63026,0.0,0,1740650054735,134,0.0
1740650054,0.63015,0.63024,0.0,0,1740650054789,134,0.0
1740650054,0.63014,0.63023,0.0,0,1740650054827,134,0.0
1740650055,0.63013,0.63022,0.0,0,1740650055470,134,0.0
1740650056,0.63012,0.63021,0.0,0,1740650056501,134,0.0
1740650058,0.63011,0.6302,0.0,0,1740650058641,134,0.0
1740650062,0.63012,0.63021,0.0,0,1740650062321,134,0.0
1740650064,0.63011,0.6302,0.0,0,1740650064458,134,0.0
1740650070,0.6301,0.63019,0.0,0,1740650070718,134,0.0
1740650071,0.63009,0.63018,0.0,0,1740650071322,134,0.0
1740650074,0.63008,0.63017,0.0,0,1740650074774,134,0.0
1740650077,0.63009,0.63018,0.0,0,1740650077150,134,0.0
1740650080,0.6301,0.63019,0.0,0,1740650080387,134,0.0
1740650098,0.63009,0.63018,0.0,0,1740650098653,134,0.0
1740650100,0.63011,0.6302,0.0,0,1740650100237,134,0.0
1740650100,0.63012,0.63021,0.0,0,1740650100256,134,0.0
1740650101,0.63011,0.6302,0.0,0,1740650101901,134,0.0
1740650106,0.6301,0.63019,0.0,0,1740650106461,134,0.0
1740650113,0.63009,0.63018,0.0,0,1740650113353,134,0.0
1740650117,0.6301,0.63019,0.0,0,1740650117513,134,0.0
1740650117,0.63012,0.63021,0.0,0,1740650117575,134,0.0
1740650118,0.63013,0.63022,0.0,0,1740650118611,134,0.0
1740650120,0.63012,0.63021,0.0,0,1740650120945,134,0.0
1740650120,0.63011,0.6302,0.0,0,1740650120957,134,0.0
1740650123,0.6301,0.63019,0.0,0,1740650123008,134,0.0
1740650134,0.63009,0.63018,0.0,0,1740650134079,134,0.0
1740650135,0.63007,0.63016,0.0,0,1740650135375,134,0.0
1740650136,0.63008,0.63017,0.0,0,1740650136454,134,0.0
1740650140,0.63009,0.63018,0.0,0,1740650140858,134,0.0
1740650145,0.63008,0.63017,0.0,0,1740650145252,134,0.0
1740650147,0.63009,0.63018,0.0,0,1740650147579,134,0.0
1740650148,0.6301,0.63019,0.0,0,1740650148614,134,0.0
1740650159,0.63011,0.6302,0.0,0,1740650159152,134,0.0
1740650160,0.63013,0.63022,0.0,0,1740650160133,134,0.0
1740650162,0.63014,0.63023,0.0,0,1740650162366,134,0.0
1740650163,0.63016,0.63025,0.0,0,1740650163139,134,0.0
1740650163,0.63017,0.63026,0.0,0,1740650163164,134,0.0
1740650163,0.63016,0.63025,0.0,0,1740650163367,134,0.0
1740650163,0.63014,0.63023,0.0,0,1740650163574,134,0.0
1740650171,0.63016,0.63025,0.0,0,1740650171112,134,0.0
1740650172,0.63015,0.63024,0.0,0,1740650172160,134,0.0
1740650174,0.63014,0.63023,0.0,0,1740650174934,134,0.0
1740650177,0.63015,0.63024,0.0,0,1740650177429,134,0.0
1740650177,0.63017,0.63026,0.0,0,1740650177714,134,0.0
1740650178,0.63016,0.63025,0.0,0,1740650178895,134,0.0
1740650191,0.63017,0.63026,0.0,0,1740650191127,134,0.0
1740650192,0.63016,0.63025,0.0,0,1740650192479,134,0.0
1740650196,0.63018,0.63027,0.0,0,1740650196884,134,0.0
1740650196,0.63019,0.63028,0.0,0,1740650196911,134,0.0
1740650197,0.6302,0.63029,0.0,0,1740650197006,134,0.0
1740650201,0.63022,0.63031,0.0,0,1740650201084,134,0.0
1740650201,0.63024,0.63033,0.0,0,1740650201226,134,0.0
1740650202,0.63023,0.63032,0.0,0,1740650202321,134,0.0
1740650210,0.63024,0.63033,0.0,0,1740650210969,134,0.0
1740650213,0.63025,0.63034,0.0,0,1740650213331,134,0.0
1740650215,0.63026,0.63035,0.0,0,1740650215041,134,0.0
1740650216,0.63025,0.63034,0.0,0,1740650216432,134,0.0
1740650220,0.63025,0.63034,0.0,0,1740650220370,130,0.0
1740650230,0.63024,0.63033,0.0,0,1740650230923,134,0.0
1740650241,0.63025,0.63034,0.0,0,1740650241034,134,0.0
1740650251,0.63024,0.63033,0.0,0,1740650251141,134,0.0
1740650253,0.63025,0.63034,0.0,0,1740650253780,134,0.0
1740650264,0.63023,0.63032,0.0,0,1740650264265,134,0.0
1740650264,0.63022,0.63031,0.0,0,1740650264325,134,0.0
1740650264,0.63021,0.6303,0.0,0,1740650264443,134,0.0
1740650264,0.63019,0.63028,0.0,0,1740650264622,134,0.0
1740650264,0.63018,0.63027,0.0,0,1740650264651,134,0.0
1740650264,0.63016,0.63025,0.0,0,1740650264683,134,0.0
1740650264,0.63015,0.63024,0.0,0,1740650264891,134,0.0
1740650264,0.63014,0.63023,0.0,0,1740650264973,134,0.0
1740650265,0.63012,0.63021,0.0,0,1740650265017,134,0.0
1740650265,0.63011,0.6302,0.0,0,1740650265226,134,0.0
1740650266,0.63012,0.63021,0.0,0,1740650266162,134,0.0
1740650266,0.63013,0.63022,0.0,0,1740650266199,134,0.0
1740650267,0.63014,0.63023,0.0,0,1740650267466,134,0.0
1740650273,0.63016,0.63025,0.0,0,1740650273055,134,0.0
1740650273,0.63017,0.63026,0.0,0,1740650273081,134,0.0
1740650273,0.63019,0.63028,0.0,0,1740650273612,134,0.0
1740650273,0.6302,0.63029,0.0,0,1740650273620,134,0.0
1740650273,0.63021,0.6303,0.0,0,1740650273642,134,0.0
1740650278,0.63022,0.63031,0.0,0,1740650278398,134,0.0
1740650280,0.63023,0.63032,0.0,0,1740650280665,134,0.0
1740650284,0.63022,0.63031,0.0,0,1740650284406,134,0.0
1740650284,0.6302,0.63029,0.0,0,1740650284474,134,0.0
1740650285,0.63019,0.63028,0.0,0,1740650285807,134,0.0
1740650288,0.63017,0.63026,0.0,0,1740650288207,134,0.0
1740650294,0.63018,0.63027,0.0,0,1740650294084,134,0.0
1740650297,0.63019,0.63028,0.0,0,1740650297833,134,0.0
1740650298,0.63017,0.63026,0.0,0,1740650298849,134,0.0
1740650305,0.63016,0.63025,0.0,0,1740650305169,134,0.0
1740650306,0.63018,0.63027,0.0,0,1740650306796,134,0.0
1740650308,0.63019,0.63028,0.0,0,1740650308854,134,0.0
1740650309,0.63018,0.63027,0.0,0,1740650309873,134,0.0
1740650312,0.63017,0.63026,0.0,0,1740650312238,134,0.0
1740650313,0.63018,0.63027,0.0,0,1740650313242,134,0.0
1740650315,0.63017,0.63026,0.0,0,1740650315313,134,0.0
1740650315,0.63019,0.63028,0.0,0,1740650315909,134,0.0
1740650320,0.6302,0.63029,0.0,0,1740650320169,134,0.0
1740650330,0.63018,0.63027,0.0,0,1740650330354,134,0.0
1740650331,0.63017,0.63026,0.0,0,1740650331125,134,0.0
1740650333,0.63018,0.63027,0.0,0,1740650333742,134,0.0
1740650335,0.63017,0.63026,0.0,0,1740650335804,134,0.0
1740650340,0.63018,0.63027,0.0,0,1740650340974,134,0.0
1740650343,0.63017,0.63026,0.0,0,1740650343138,134,0.0
1740650349,0.63018,0.63027,0.0,0,1740650349709,134,0.0
1740650349,0.6302,0.63029,0.0,0,1740650349988,134,0.0
1740650350,0.63021,0.6303,0.0,0,1740650350191,134,0.0
1740650350,0.63022,0.63031,0.0,0,1740650350248,134,0.0
1740650351,0.63024,0.63033,0.0,0,1740650351320,134,0.0
1740650353,0.63022,0.63031,0.0,0,1740650353877,134,0.0
1740650373,0.6302,0.63029,0.0,0,1740650373657,134,0.0
