time,bid,ask,last,volume,time_msc,flags,volume_real
1717059539,2325.48,2325.69,0.0,0,1717059539795,134,0.0
1717059540,2325.47,2325.69,0.0,0,1717059540043,130,0.0
1717059540,2325.53,2325.74,0.0,0,1717059540160,134,0.0
1717059540,2325.6,2325.81,0.0,0,1717059540364,134,0.0
1717059540,2325.65,2325.87,0.0,0,1717059540364,134,0.0
1717059540,2325.62,2325.83,0.0,0,1717059540672,134,0.0
1717059540,2325.59,2325.81,0.0,0,1717059540747,134,0.0
1717059541,2325.6,2325.81,0.0,0,1717059541107,130,0.0
1717059541,2325.58,2325.8,0.0,0,1717059541347,134,0.0
1717059542,2325.58,2325.79,0.0,0,1717059542068,4,0.0
1717059542,2325.63,2325.85,0.0,0,1717059542327,134,0.0
1717059542,2325.64,2325.86,0.0,0,1717059542363,134,0.0
1717059542,2325.62,2325.84,0.0,0,1717059542651,134,0.0
1717059542,2325.64,2325.85,0.0,0,1717059542669,134,0.0
1717059543,2325.66,2325.87,0.0,0,1717059543011,134,0.0
1717059543,2325.64,2325.85,0.0,0,1717059543011,134,0.0
1717059543,2325.67,2325.88,0.0,0,1717059543331,134,0.0
1717059543,2325.65,2325.87,0.0,0,1717059543420,134,0.0
1717059543,2325.59,2325.8,0.0,0,1717059543646,134,0.0
1717059543,2325.59,2325.81,0.0,0,1717059543729,4,0.0
1717059544,2325.59,2325.8,0.0,0,1717059544117,4,0.0
1717059544,2325.59,2325.81,0.0,0,1717059544314,4,0.0
1717059544,2325.58,2325.79,0.0,0,1717059544660,134,0.0
1717059546,2325.54,2325.76,0.0,0,1717059546398,134,0.0
1717059546,2325.58,2325.8,0.0,0,1717059546611,134,0.0
1717059546,2325.55,2325.77,0.0,0,1717059546694,134,0.0
1717059546,2325.51,2325.73,0.0,0,1717059546951,134,0.0
1717059547,2325.56,2325.77,0.0,0,1717059547276,134,0.0
1717059547,2325.56,2325.78,0.0,0,1717059547889,4,0.0
1717059548,2325.65,2325.87,0.0,0,1717059548015,134,0.0
1717059548,2325.66,2325.88,0.0,0,1717059548269,134,0.0
1717059548,2325.68,2325.89,0.0,0,1717059548928,134,0.0
1717059548,2325.67,2325.88,0.0,0,1717059548928,134,0.0
1717059550,2325.67,2325.89,0.0,0,1717059550172,4,0.0
1717059550,2325.68,2325.89,0.0,0,1717059550259,130,0.0
1717059550,2325.67,2325.89,0.0,0,1717059550595,130,0.0
1717059551,2325.67,2325.88,0.0,0,1717059551756,4,0.0
1717059552,2325.66,2325.88,0.0,0,1717059552021,130,0.0
1717059552,2325.63,2325.85,0.0,0,1717059552229,134,0.0
1717059552,2325.59,2325.8,0.0,0,1717059552260,134,0.0
1717059552,2325.56,2325.78,0.0,0,1717059552846,134,0.0
1717059553,2325.55,2325.76,0.0,0,1717059553780,134,0.0
1717059553,2325.53,2325.75,0.0,0,1717059553892,134,0.0
1717059554,2325.53,2325.74,0.0,0,1717059554209,4,0.0
1717059554,2325.49,2325.7,0.0,0,1717059554245,134,0.0
1717059554,2325.47,2325.69,0.0,0,1717059554541,134,0.0
1717059555,2325.46,2325.68,0.0,0,1717059555194,134,0.0
1717059555,2325.41,2325.63,0.0,0,1717059555276,134,0.0
1717059555,2325.43,2325.64,0.0,0,1717059555524,134,0.0
1717059555,2325.42,2325.64,0.0,0,1717059555571,130,0.0
1717059555,2325.41,2325.62,0.0,0,1717059555878,134,0.0
1717059555,2325.4,2325.62,0.0,0,1717059555894,130,0.0
1717059556,2325.4,2325.61,0.0,0,1717059556199,4,0.0
1717059556,2325.4,2325.62,0.0,0,1717059556677,4,0.0
1717059556,2325.37,2325.59,0.0,0,1717059556893,134,0.0
1717059557,2325.38,2325.59,0.0,0,1717059557192,130,0.0
1717059557,2325.3,2325.52,0.0,0,1717059557198,134,0.0
1717059557,2325.2,2325.42,0.0,0,1717059557521,134,0.0
1717059557,2325.14,2325.36,0.0,0,1717059557607,134,0.0
1717059557,2325.15,2325.37,0.0,0,1717059557843,134,0.0
1717059557,2325.26,2325.48,0.0,0,1717059557922,134,0.0
1717059558,2325.25,2325.46,0.0,0,1717059558178,134,0.0
1717059558,2325.22,2325.44,0.0,0,1717059558193,134,0.0
1717059558,2325.13,2325.34,0.0,0,1717059558497,134,0.0
1717059558,2325.08,2325.29,0.0,0,1717059558645,134,0.0
1717059558,2325.08,2325.3,0.0,0,1717059558991,4,0.0
1717059559,2325.07,2325.28,0.0,0,1717059559177,134,0.0
1717059559,2325.04,2325.25,0.0,0,1717059559349,134,0.0
1717059559,2325.0,2325.22,0.0,0,1717059559475,134,0.0
1717059559,2325.01,2325.23,0.0,0,1717059559544,134,0.0
1717059559,2325.04,2325.26,0.0,0,1717059559820,134,0.0
1717059560,2325.06,2325.27,0.0,0,1717059560210,134,0.0
1717059560,2325.04,2325.26,0.0,0,1717059560484,134,0.0
1717059560,2325.05,2325.26,0.0,0,1717059560807,130,0.0
1717059560,2325.05,2325.27,0.0,0,1717059560961,4,0.0
1717059561,2325.05,2325.26,0.0,0,1717059561145,4,0.0
1717059561,2325.06,2325.27,0.0,0,1717059561614,134,0.0
1717059561,2325.02,2325.24,0.0,0,1717059561992,134,0.0
1717059562,2325.01,2325.22,0.0,0,1717059562146,134,0.0
1717059562,2324.99,2325.21,0.0,0,1717059562177,134,0.0
1717059562,2324.98,2325.19,0.0,0,1717059562476,134,0.0
1717059562,2324.97,2325.18,0.0,0,1717059562540,134,0.0
1717059563,2324.96,2325.17,0.0,0,1717059563339,134,0.0
1717059564,2324.94,2325.16,0.0,0,1717059564263,134,0.0
1717059564,2324.93,2325.15,0.0,0,1717059564445,134,0.0
1717059564,2324.93,2325.14,0.0,0,1717059564511,4,0.0
1717059564,2324.96,2325.18,0.0,0,1717059564784,134,0.0
1717059565,2324.97,2325.18,0.0,0,1717059565222,130,0.0
1717059565,2324.95,2325.17,0.0,0,1717059565566,134,0.0
1717059565,2324.91,2325.13,0.0,0,1717059565771,134,0.0
1717059566,2324.92,2325.13,0.0,0,1717059566354,130,0.0
1717059566,2324.86,2325.08,0.0,0,1717059566646,134,0.0
1717059567,2324.85,2325.06,0.0,0,1717059567077,134,0.0
1717059567,2324.84,2325.05,0.0,0,1717059567399,134,0.0
1717059567,2324.82,2325.04,0.0,0,1717059567637,134,0.0
1717059567,2324.87,2325.08,0.0,0,1717059567732,134,0.0
1717059569,2324.95,2325.17,0.0,0,1717059569828,134,0.0
1717059572,2324.92,2325.14,0.0,0,1717059572714,134,0.0
1717059573,2324.91,2325.13,0.0,0,1717059573030,134,0.0
1717059573,2324.89,2325.11,0.0,0,1717059573110,134,0.0
1717059573,2324.95,2325.16,0.0,0,1717059573362,134,0.0
1717059573,2324.96,2325.18,0.0,0,1717059573909,134,0.0
1717059574,2324.95,2325.16,0.0,0,1717059574394,134,0.0
1717059575,2324.92,2325.13,0.0,0,1717059575092,134,0.0
1717059575,2324.85,2325.07,0.0,0,1717059575330,134,0.0
1717059575,2324.82,2325.04,0.0,0,1717059575399,134,0.0
1717059575,2324.81,2325.02,0.0,0,1717059575658,134,0.0
1717059575,2324.8,2325.02,0.0,0,1717059575693,130,0.0
1717059576,2324.78,2325.0,0.0,0,1717059576046,134,0.0
1717059576,2324.74,2324.96,0.0,0,1717059576330,134,0.0
1717059576,2324.76,2324.97,0.0,0,1717059576410,134,0.0
1717059576,2324.75,2324.97,0.0,0,1717059576976,130,0.0
1717059577,2324.76,2324.97,0.0,0,1717059577334,130,0.0
1717059578,2324.85,2325.07,0.0,0,1717059578160,134,0.0
1717059578,2324.83,2325.04,0.0,0,1717059578315,134,0.0
1717059578,2324.83,2325.05,0.0,0,1717059578377,4,0.0
1717059579,2324.85,2325.07,0.0,0,1717059579277,134,0.0
1717059579,2324.86,2325.07,0.0,0,1717059579378,130,0.0
1717059579,2324.87,2325.09,0.0,0,1717059579676,134,0.0
1717059579,2324.93,2325.15,0.0,0,1717059579947,134,0.0
1717059580,2324.95,2325.17,0.0,0,1717059580209,134,0.0
1717059580,2325.03,2325.24,0.0,0,1717059580317,134,0.0
1717059580,2325.02,2325.23,0.0,0,1717059580601,134,0.0
1717059580,2325.03,2325.25,0.0,0,1717059580804,134,0.0
1717059580,2325.01,2325.22,0.0,0,1717059580946,134,0.0
1717059581,2324.98,2325.2,0.0,0,1717059581045,134,0.0
1717059581,2325.02,2325.23,0.0,0,1717059581871,134,0.0
1717059581,2325.13,2325.34,0.0,0,1717059581966,134,0.0
1717059582,2325.12,2325.34,0.0,0,1717059582259,130,0.0
1717059583,2325.12,2325.33,0.0,0,1717059583661,4,0.0
1717059584,2325.08,2325.29,0.0,0,1717059584161,134,0.0
1717059584,2325.11,2325.32,0.0,0,1717059584258,134,0.0
1717059584,2325.12,2325.33,0.0,0,1717059584571,134,0.0
1717059584,2325.11,2325.32,0.0,0,1717059584698,134,0.0
1717059584,2325.12,2325.33,0.0,0,1717059584912,134,0.0
1717059585,2325.09,2325.31,0.0,0,1717059585057,134,0.0
1717059585,2325.08,2325.3,0.0,0,1717059585227,134,0.0
1717059585,2325.09,2325.3,0.0,0,1717059585274,130,0.0
1717059585,2325.2,2325.42,0.0,0,1717059585557,134,0.0
1717059585,2325.21,2325.43,0.0,0,1717059585575,134,0.0
1717059586,2325.17,2325.38,0.0,0,1717059586167,134,0.0
1717059586,2325.16,2325.38,0.0,0,1717059586293,130,0.0
1717059586,2325.14,2325.36,0.0,0,1717059586558,134,0.0
1717059586,2325.13,2325.35,0.0,0,1717059586662,134,0.0
1717059586,2325.13,2325.34,0.0,0,1717059586883,4,0.0
1717059587,2325.14,2325.35,0.0,0,1717059587542,134,0.0
1717059587,2325.12,2325.33,0.0,0,1717059587658,134,0.0
1717059590,2325.1,2325.32,0.0,0,1717059590810,134,0.0
1717059590,2325.06,2325.28,0.0,0,1717059590930,134,0.0
1717059591,2325.05,2325.27,0.0,0,1717059591179,134,0.0
1717059591,2325.12,2325.33,0.0,0,1717059591947,134,0.0
1717059592,2325.29,2325.51,0.0,0,1717059592152,134,0.0
1717059592,2325.27,2325.49,0.0,0,1717059592200,134,0.0
1717059592,2325.24,2325.46,0.0,0,1717059592492,134,0.0
1717059592,2325.22,2325.43,0.0,0,1717059592669,134,0.0
1717059593,2325.21,2325.42,0.0,0,1717059593058,134,0.0
1717059593,2325.23,2325.45,0.0,0,1717059593250,134,0.0
1717059593,2325.2,2325.42,0.0,0,1717059593576,134,0.0
1717059595,2325.22,2325.44,0.0,0,1717059595046,134,0.0
1717059595,2325.2,2325.42,0.0,0,1717059595149,134,0.0
1717059595,2325.16,2325.38,0.0,0,1717059595477,134,0.0
1717059595,2325.15,2325.36,0.0,0,1717059595498,134,0.0
1717059595,2325.13,2325.34,0.0,0,1717059595790,134,0.0
1717059596,2325.12,2325.33,0.0,0,1717059596029,134,0.0
1717059597,2325.09,2325.3,0.0,0,1717059597329,134,0.0
1717059597,2325.08,2325.28,0.0,0,1717059597447,134,0.0
1717059597,2325.06,2325.27,0.0,0,1717059597540,134,0.0
1717059597,2325.04,2325.25,0.0,0,1717059597768,134,0.0
1717059597,2325.11,2325.31,0.0,0,1717059597828,134,0.0
1717059598,2325.01,2325.22,0.0,0,1717059598108,134,0.0
1717059598,2325.01,2325.21,0.0,0,1717059598166,4,0.0
1717059598,2324.99,2325.2,0.0,0,1717059598540,134,0.0
1717059599,2324.98,2325.19,0.0,0,1717059599361,134,0.0
1717059599,2324.96,2325.17,0.0,0,1717059599977,134,0.0
1717059600,2324.99,2325.19,0.0,0,1717059600128,134,0.0
1717059600,2325.0,2325.18,0.0,0,1717059600202,134,0.0
1717059600,2325.02,2325.2,0.0,0,1717059600464,134,0.0
1717059600,2325.0,2325.19,0.0,0,1717059600482,134,0.0
1717059600,2324.95,2325.13,0.0,0,1717059600763,134,0.0
1717059600,2324.94,2325.12,0.0,0,1717059600794,134,0.0
1717059601,2324.89,2325.1,0.0,0,1717059601149,134,0.0
1717059601,2324.88,2325.1,0.0,0,1717059601394,130,0.0
1717059601,2324.77,2324.98,0.0,0,1717059601446,134,0.0
1717059601,2324.75,2324.97,0.0,0,1717059601745,134,0.0
1717059601,2324.72,2324.94,0.0,0,1717059601760,134,0.0
1717059602,2324.8,2325.01,0.0,0,1717059602190,134,0.0
1717059602,2324.81,2325.03,0.0,0,1717059602533,134,0.0
1717059603,2324.9,2325.12,0.0,0,1717059603092,134,0.0
1717059603,2324.87,2325.09,0.0,0,1717059603530,134,0.0
1717059603,2324.9,2325.11,0.0,0,1717059603730,134,0.0
1717059603,2324.83,2325.04,0.0,0,1717059603730,134,0.0
1717059604,2324.83,2325.05,0.0,0,1717059604098,4,0.0
1717059604,2324.86,2325.05,0.0,0,1717059604154,130,0.0
1717059604,2324.92,2325.1,0.0,0,1717059604385,134,0.0
1717059604,2324.95,2325.14,0.0,0,1717059604600,134,0.0
1717059604,2324.96,2325.15,0.0,0,1717059604706,134,0.0
1717059604,2325.02,2325.21,0.0,0,1717059604782,134,0.0
1717059605,2325.02,2325.2,0.0,0,1717059605096,4,0.0
1717059605,2324.97,2325.16,0.0,0,1717059605374,134,0.0
1717059605,2324.96,2325.15,0.0,0,1717059605386,134,0.0
1717059605,2324.93,2325.12,0.0,0,1717059605723,134,0.0
1717059605,2325.02,2325.2,0.0,0,1717059605751,134,0.0
1717059606,2325.02,2325.21,0.0,0,1717059606050,4,0.0
1717059606,2325.01,2325.2,0.0,0,1717059606461,134,0.0
1717059606,2325.03,2325.21,0.0,0,1717059606678,134,0.0
1717059606,2325.11,2325.29,0.0,0,1717059606775,134,0.0
1717059606,2325.08,2325.26,0.0,0,1717059606999,134,0.0
1717059607,2325.12,2325.31,0.0,0,1717059607080,134,0.0
1717059607,2325.09,2325.27,0.0,0,1717059607642,134,0.0
1717059607,2325.07,2325.25,0.0,0,1717059607753,134,0.0
1717059608,2325.03,2325.22,0.0,0,1717059608098,134,0.0
1717059608,2325.06,2325.25,0.0,0,1717059608331,134,0.0
1717059609,2325.04,2325.22,0.0,0,1717059609157,134,0.0
1717059609,2325.01,2325.2,0.0,0,1717059609364,134,0.0
1717059609,2325.03,2325.22,0.0,0,1717059609659,134,0.0
1717059609,2325.13,2325.32,0.0,0,1717059609980,134,0.0
1717059610,2325.12,2325.31,0.0,0,1717059610018,134,0.0
1717059610,2325.12,2325.3,0.0,0,1717059610334,4,0.0
1717059610,2325.12,2325.31,0.0,0,1717059610476,4,0.0
1717059610,2325.15,2325.33,0.0,0,1717059610642,134,0.0
1717059612,2325.24,2325.42,0.0,0,1717059612487,134,0.0
1717059612,2325.28,2325.46,0.0,0,1717059612627,134,0.0
1717059612,2325.25,2325.44,0.0,0,1717059612694,134,0.0
1717059612,2325.24,2325.43,0.0,0,1717059612945,134,0.0
1717059612,2325.23,2325.41,0.0,0,1717059612976,134,0.0
1717059613,2325.21,2325.4,0.0,0,1717059613753,134,0.0
1717059614,2325.18,2325.36,0.0,0,1717059614743,134,0.0
1717059614,2325.17,2325.35,0.0,0,1717059614929,134,0.0
1717059614,2325.16,2325.35,0.0,0,1717059614942,130,0.0
1717059615,2325.14,2325.32,0.0,0,1717059615259,134,0.0
1717059615,2325.13,2325.32,0.0,0,1717059615347,130,0.0
1717059615,2325.13,2325.31,0.0,0,1717059615601,4,0.0
1717059615,2325.09,2325.27,0.0,0,1717059615928,134,0.0
1717059616,2325.2,2325.38,0.0,0,1717059616250,134,0.0
1717059616,2325.18,2325.37,0.0,0,1717059616330,134,0.0
1717059616,2325.17,2325.35,0.0,0,1717059616588,134,0.0
1717059616,2325.16,2325.34,0.0,0,1717059616637,134,0.0
1717059616,2325.15,2325.33,0.0,0,1717059616926,134,0.0
1717059617,2325.14,2325.32,0.0,0,1717059617211,134,0.0
1717059617,2325.13,2325.32,0.0,0,1717059617673,130,0.0
1717059617,2325.15,2325.34,0.0,0,1717059617907,134,0.0
1717059617,2325.21,2325.4,0.0,0,1717059617970,134,0.0
1717059618,2325.16,2325.34,0.0,0,1717059618892,134,0.0
1717059618,2325.14,2325.32,0.0,0,1717059618987,134,0.0
1717059619,2325.13,2325.32,0.0,0,1717059619224,130,0.0
1717059619,2325.12,2325.3,0.0,0,1717059619615,134,0.0
1717059619,2325.13,2325.31,0.0,0,1717059619961,134,0.0
1717059620,2325.15,2325.33,0.0,0,1717059620513,134,0.0
1717059620,2325.32,2325.51,0.0,0,1717059620604,134,0.0
1717059621,2325.31,2325.5,0.0,0,1717059621162,134,0.0
1717059621,2325.33,2325.52,0.0,0,1717059621449,134,0.0
1717059621,2325.34,2325.52,0.0,0,1717059621531,130,0.0
1717059621,2325.34,2325.53,0.0,0,1717059621871,4,0.0
1717059622,2325.36,2325.55,0.0,0,1717059622146,134,0.0
1717059622,2325.42,2325.61,0.0,0,1717059622247,134,0.0
1717059622,2325.36,2325.55,0.0,0,1717059622528,134,0.0
1717059622,2325.28,2325.47,0.0,0,1717059622545,134,0.0
1717059622,2325.23,2325.42,0.0,0,1717059622880,134,0.0
1717059622,2325.28,2325.47,0.0,0,1717059622960,134,0.0
1717059623,2325.24,2325.43,0.0,0,1717059623194,134,0.0
1717059623,2325.23,2325.41,0.0,0,1717059623548,134,0.0
1717059623,2325.18,2325.37,0.0,0,1717059623855,134,0.0
1717059623,2325.21,2325.4,0.0,0,1717059623885,134,0.0
1717059624,2325.18,2325.38,0.0,0,1717059624177,134,0.0
1717059624,2325.16,2325.36,0.0,0,1717059624500,134,0.0
1717059624,2325.15,2325.35,0.0,0,1717059624536,134,0.0
1717059624,2325.15,2325.34,0.0,0,1717059624819,4,0.0
1717059624,2325.14,2325.33,0.0,0,1717059624976,134,0.0
1717059625,2325.14,2325.32,0.0,0,1717059625499,4,0.0
1717059626,2325.11,2325.29,0.0,0,1717059626132,134,0.0
1717059626,2325.11,2325.3,0.0,0,1717059626248,4,0.0
1717059626,2325.05,2325.24,0.0,0,1717059626480,134,0.0
1717059626,2325.06,2325.24,0.0,0,1717059626548,130,0.0
1717059626,2325.05,2325.23,0.0,0,1717059626808,134,0.0
1717059627,2325.03,2325.21,0.0,0,1717059627114,134,0.0
1717059627,2325.02,2325.21,0.0,0,1717059627577,130,0.0
1717059627,2324.99,2325.18,0.0,0,1717059627799,134,0.0
1717059627,2325.0,2325.19,0.0,0,1717059627914,134,0.0
1717059628,2324.98,2325.17,0.0,0,1717059628147,134,0.0
1717059628,2325.02,2325.2,0.0,0,1717059628477,134,0.0
1717059628,2325.01,2325.19,0.0,0,1717059628477,134,0.0
1717059628,2324.93,2325.12,0.0,0,1717059628800,134,0.0
1717059628,2324.92,2325.11,0.0,0,1717059628845,134,0.0
1717059629,2324.92,2325.1,0.0,0,1717059629121,4,0.0
1717059629,2324.94,2325.12,0.0,0,1717059629313,134,0.0
1717059629,2324.92,2325.11,0.0,0,1717059629498,134,0.0
1717059629,2324.94,2325.13,0.0,0,1717059629620,134,0.0
1717059629,2324.94,2325.12,0.0,0,1717059629793,4,0.0
1717059629,2324.94,2325.13,0.0,0,1717059629829,4,0.0
1717059630,2324.94,2325.12,0.0,0,1717059630121,4,0.0
1717059631,2325.01,2325.2,0.0,0,1717059631364,134,0.0
1717059631,2325.03,2325.21,0.0,0,1717059631479,134,0.0
1717059631,2325.01,2325.2,0.0,0,1717059631776,134,0.0
1717059631,2325.03,2325.21,0.0,0,1717059631914,134,0.0
1717059632,2325.05,2325.23,0.0,0,1717059632092,134,0.0
1717059632,2325.0,2325.19,0.0,0,1717059632104,134,0.0
1717059632,2324.96,2325.14,0.0,0,1717059632415,134,0.0
1717059632,2324.96,2325.15,0.0,0,1717059632527,4,0.0
1717059632,2325.0,2325.19,0.0,0,1717059632764,134,0.0
1717059632,2324.99,2325.18,0.0,0,1717059632809,134,0.0
1717059633,2325.03,2325.21,0.0,0,1717059633087,134,0.0
1717059633,2325.02,2325.21,0.0,0,1717059633094,130,0.0
1717059633,2325.0,2325.19,0.0,0,1717059633761,134,0.0
1717059634,2325.03,2325.22,0.0,0,1717059634072,134,0.0
1717059634,2324.94,2325.12,0.0,0,1717059634088,134,0.0
1717059634,2324.87,2325.06,0.0,0,1717059634399,134,0.0
1717059634,2324.88,2325.06,0.0,0,1717059634414,130,0.0
1717059634,2324.86,2325.05,0.0,0,1717059634745,134,0.0
1717059635,2324.85,2325.03,0.0,0,1717059635230,134,0.0
1717059635,2324.84,2325.03,0.0,0,1717059635479,130,0.0
1717059636,2324.82,2325.0,0.0,0,1717059636215,134,0.0
1717059636,2324.84,2325.03,0.0,0,1717059636953,134,0.0
1717059637,2324.83,2325.01,0.0,0,1717059637072,134,0.0
1717059637,2324.85,2325.03,0.0,0,1717059637380,134,0.0
1717059638,2324.82,2325.01,0.0,0,1717059638642,134,0.0
1717059638,2324.84,2325.03,0.0,0,1717059638794,134,0.0
1717059639,2324.86,2325.04,0.0,0,1717059639032,134,0.0
1717059639,2325.11,2325.29,0.0,0,1717059639095,134,0.0
1717059639,2325.07,2325.26,0.0,0,1717059639362,134,0.0
1717059639,2325.08,2325.26,0.0,0,1717059639642,130,0.0
1717059639,2325.13,2325.31,0.0,0,1717059639762,134,0.0
1717059640,2325.11,2325.3,0.0,0,1717059640515,134,0.0
1717059640,2325.01,2325.21,0.0,0,1717059640659,134,0.0
1717059640,2325.02,2325.21,0.0,0,1717059640761,130,0.0
1717059641,2325.11,2325.31,0.0,0,1717059641014,134,0.0
1717059641,2325.06,2325.25,0.0,0,1717059641093,134,0.0
1717059641,2325.11,2325.3,0.0,0,1717059641361,134,0.0
1717059641,2325.06,2325.26,0.0,0,1717059641672,134,0.0
1717059642,2325.03,2325.23,0.0,0,1717059642000,134,0.0
1717059642,2325.03,2325.22,0.0,0,1717059642182,4,0.0
1717059642,2325.02,2325.22,0.0,0,1717059642309,130,0.0
1717059642,2325.02,2325.21,0.0,0,1717059642536,4,0.0
1717059642,2324.99,2325.19,0.0,0,1717059642690,134,0.0
1717059643,2324.98,2325.17,0.0,0,1717059643019,134,0.0
1717059643,2324.95,2325.15,0.0,0,1717059643145,134,0.0
1717059643,2324.95,2325.14,0.0,0,1717059643314,4,0.0
1717059643,2324.92,2325.12,0.0,0,1717059643516,134,0.0
1717059643,2324.93,2325.13,0.0,0,1717059643894,134,0.0
1717059644,2324.92,2325.11,0.0,0,1717059644015,134,0.0
1717059644,2324.82,2325.02,0.0,0,1717059644301,134,0.0
1717059644,2324.83,2325.02,0.0,0,1717059644820,130,0.0
1717059645,2324.82,2325.01,0.0,0,1717059645515,134,0.0
1717059645,2324.74,2324.94,0.0,0,1717059645722,134,0.0
1717059646,2324.73,2324.93,0.0,0,1717059646347,134,0.0
1717059646,2324.65,2324.84,0.0,0,1717059646691,134,0.0
1717059646,2324.71,2324.91,0.0,0,1717059646944,134,0.0
1717059647,2324.74,2324.93,0.0,0,1717059647209,134,0.0
1717059647,2324.73,2324.92,0.0,0,1717059647681,134,0.0
1717059647,2324.79,2324.99,0.0,0,1717059647994,134,0.0
1717059648,2324.82,2325.02,0.0,0,1717059648346,134,0.0
1717059648,2324.85,2325.04,0.0,0,1717059648624,134,0.0
1717059648,2324.91,2325.11,0.0,0,1717059648912,134,0.0
1717059649,2324.95,2325.14,0.0,0,1717059649909,134,0.0
1717059649,2325.13,2325.33,0.0,0,1717059649989,134,0.0
1717059650,2325.25,2325.44,0.0,0,1717059650246,134,0.0
1717059650,2325.19,2325.39,0.0,0,1717059650347,134,0.0
1717059650,2325.14,2325.34,0.0,0,1717059650581,134,0.0
1717059650,2325.26,2325.45,0.0,0,1717059650931,134,0.0
1717059650,2325.25,2325.45,0.0,0,1717059650960,130,0.0
1717059651,2325.23,2325.43,0.0,0,1717059651315,134,0.0
1717059651,2325.21,2325.41,0.0,0,1717059651814,134,0.0
1717059651,2325.15,2325.34,0.0,0,1717059651942,134,0.0
1717059652,2325.23,2325.43,0.0,0,1717059652260,134,0.0
1717059652,2325.24,2325.43,0.0,0,1717059652260,130,0.0
1717059652,2325.18,2325.38,0.0,0,1717059652992,134,0.0
1717059653,2325.03,2325.23,0.0,0,1717059653247,134,0.0
1717059653,2325.01,2325.2,0.0,0,1717059653278,134,0.0
1717059653,2325.01,2325.21,0.0,0,1717059653536,4,0.0
1717059653,2325.02,2325.22,0.0,0,1717059653599,134,0.0
1717059653,2324.99,2325.18,0.0,0,1717059653878,134,0.0
1717059653,2324.95,2325.14,0.0,0,1717059653895,134,0.0
1717059654,2324.94,2325.14,0.0,0,1717059654193,130,0.0
1717059654,2324.93,2325.12,0.0,0,1717059654212,134,0.0
1717059654,2324.87,2325.06,0.0,0,1717059654528,134,0.0
1717059654,2324.83,2325.03,0.0,0,1717059654831,134,0.0
1717059654,2324.79,2324.99,0.0,0,1717059654931,134,0.0
1717059655,2324.78,2324.97,0.0,0,1717059655199,134,0.0
1717059655,2324.76,2324.96,0.0,0,1717059655212,134,0.0
1717059655,2324.78,2324.98,0.0,0,1717059655527,134,0.0
1717059655,2324.91,2325.1,0.0,0,1717059655543,134,0.0
1717059656,2324.86,2325.06,0.0,0,1717059656202,134,0.0
1717059656,2324.83,2325.02,0.0,0,1717059656546,134,0.0
1717059656,2324.81,2325.01,0.0,0,1717059656998,134,0.0
1717059657,2324.79,2324.98,0.0,0,1717059657402,134,0.0
1717059657,2324.77,2324.97,0.0,0,1717059657520,134,0.0
1717059657,2324.8,2325.0,0.0,0,1717059657846,134,0.0
1717059658,2324.8,2324.99,0.0,0,1717059658231,4,0.0
1717059658,2324.76,2324.96,0.0,0,1717059658493,134,0.0
1717059658,2324.74,2324.93,0.0,0,1717059658540,134,0.0
1717059658,2324.73,2324.92,0.0,0,1717059658846,134,0.0
1717059659,2324.68,2324.87,0.0,0,1717059659114,134,0.0
1717059659,2324.58,2324.77,0.0,0,1717059659176,134,0.0
1717059659,2324.57,2324.77,0.0,0,1717059659490,130,0.0
1717059659,2324.56,2324.75,0.0,0,1717059659811,134,0.0
1717059659,2324.55,2324.75,0.0,0,1717059659833,130,0.0
1717059660,2324.54,2324.74,0.0,0,1717059660162,134,0.0
1717059660,2324.52,2324.72,0.0,0,1717059660463,134,0.0
1717059660,2324.51,2324.7,0.0,0,1717059660789,134,0.0
1717059660,2324.48,2324.67,0.0,0,1717059660872,134,0.0
1717059661,2324.46,2324.66,0.0,0,1717059661177,134,0.0
1717059661,2324.43,2324.62,0.0,0,1717059661468,134,0.0
1717059661,2324.43,2324.63,0.0,0,1717059661515,4,0.0
1717059661,2324.4,2324.59,0.0,0,1717059661849,134,0.0
1717059661,2324.35,2324.55,0.0,0,1717059661849,134,0.0
1717059662,2324.16,2324.36,0.0,0,1717059662127,134,0.0
1717059662,2324.17,2324.36,0.0,0,1717059662209,130,0.0
1717059662,2324.16,2324.35,0.0,0,1717059662465,134,0.0
1717059662,2324.17,2324.36,0.0,0,1717059662575,134,0.0
1717059662,2324.07,2324.27,0.0,0,1717059662792,134,0.0
1717059663,2324.06,2324.26,0.0,0,1717059663113,134,0.0
1717059663,2324.05,2324.25,0.0,0,1717059663144,134,0.0
1717059663,2324.06,2324.26,0.0,0,1717059663445,134,0.0
1717059663,2324.13,2324.32,0.0,0,1717059663501,134,0.0
1717059663,2324.23,2324.42,0.0,0,1717059663788,134,0.0
1717059664,2324.26,2324.45,0.0,0,1717059664180,134,0.0
1717059664,2324.25,2324.44,0.0,0,1717059664448,134,0.0
1717059664,2324.27,2324.46,0.0,0,1717059664448,134,0.0
1717059664,2324.24,2324.44,0.0,0,1717059664760,134,0.0
1717059666,2324.22,2324.42,0.0,0,1717059666183,134,0.0
1717059666,2324.2,2324.4,0.0,0,1717059666431,134,0.0
1717059666,2324.18,2324.37,0.0,0,1717059666588,134,0.0
1717059666,2324.17,2324.37,0.0,0,1717059666761,130,0.0
1717059667,2324.16,2324.35,0.0,0,1717059667149,134,0.0
1717059667,2324.23,2324.43,0.0,0,1717059667414,134,0.0
1717059667,2324.31,2324.51,0.0,0,1717059667515,134,0.0
1717059667,2324.3,2324.5,0.0,0,1717059667732,134,0.0
1717059667,2324.31,2324.5,0.0,0,1717059667799,130,0.0
1717059668,2324.28,2324.48,0.0,0,1717059668073,134,0.0
1717059668,2324.25,2324.45,0.0,0,1717059668168,134,0.0
1717059668,2324.27,2324.46,0.0,0,1717059668416,134,0.0
1717059668,2324.26,2324.46,0.0,0,1717059668512,130,0.0
1717059668,2324.35,2324.54,0.0,0,1717059668729,134,0.0
1717059669,2324.36,2324.56,0.0,0,1717059669280,134,0.0
1717059669,2324.34,2324.53,0.0,0,1717059669381,134,0.0
1717059669,2324.44,2324.63,0.0,0,1717059669714,134,0.0
1717059669,2324.46,2324.66,0.0,0,1717059669960,134,0.0
1717059670,2324.46,2324.65,0.0,0,1717059670070,4,0.0
1717059670,2324.44,2324.64,0.0,0,1717059670377,134,0.0
1717059671,2324.36,2324.56,0.0,0,1717059671120,134,0.0
1717059671,2324.29,2324.48,0.0,0,1717059671361,134,0.0
1717059671,2324.3,2324.5,0.0,0,1717059671447,134,0.0
1717059671,2324.27,2324.46,0.0,0,1717059671686,134,0.0
1717059671,2324.25,2324.44,0.0,0,1717059671742,134,0.0
1717059672,2324.24,2324.43,0.0,0,1717059672033,134,0.0
1717059672,2324.2,2324.4,0.0,0,1717059672362,134,0.0
1717059672,2324.16,2324.36,0.0,0,1717059672470,134,0.0
1717059672,2324.15,2324.35,0.0,0,1717059672954,134,0.0
1717059673,2324.15,2324.34,0.0,0,1717059673159,4,0.0
1717059673,2324.14,2324.34,0.0,0,1717059673362,130,0.0
1717059673,2324.23,2324.42,0.0,0,1717059673646,134,0.0
1717059673,2324.24,2324.43,0.0,0,1717059673762,134,0.0
1717059674,2324.46,2324.66,0.0,0,1717059674016,134,0.0
1717059674,2324.53,2324.72,0.0,0,1717059674063,134,0.0
1717059674,2324.55,2324.75,0.0,0,1717059674332,134,0.0
1717059674,2324.62,2324.81,0.0,0,1717059674362,134,0.0
1717059674,2324.66,2324.85,0.0,0,1717059674658,134,0.0
1717059674,2324.64,2324.83,0.0,0,1717059674742,134,0.0
1717059675,2324.65,2324.84,0.0,0,1717059675013,134,0.0
1717059675,2324.72,2324.93,0.0,0,1717059675029,134,0.0
1717059675,2324.78,2324.99,0.0,0,1717059675330,134,0.0
1717059675,2324.79,2325.0,0.0,0,1717059675673,134,0.0
1717059675,2324.83,2325.04,0.0,0,1717059675977,134,0.0
1717059676,2324.85,2325.06,0.0,0,1717059676157,134,0.0
1717059676,2324.85,2325.05,0.0,0,1717059676315,4,0.0
1717059676,2324.86,2325.06,0.0,0,1717059676361,134,0.0
1717059676,2324.84,2325.05,0.0,0,1717059676673,134,0.0
1717059676,2324.9,2325.11,0.0,0,1717059676974,134,0.0
1717059676,2324.89,2325.1,0.0,0,1717059676998,134,0.0
1717059677,2324.9,2325.11,0.0,0,1717059677289,134,0.0
1717059677,2324.94,2325.14,0.0,0,1717059677430,134,0.0
1717059677,2324.9,2325.11,0.0,0,1717059677624,134,0.0
1717059677,2324.9,2325.1,0.0,0,1717059677970,4,0.0
1717059678,2324.95,2325.15,0.0,0,1717059678283,134,0.0
1717059678,2324.94,2325.15,0.0,0,1717059678759,130,0.0
1717059679,2324.95,2325.15,0.0,0,1717059679005,130,0.0
1717059679,2324.88,2325.09,0.0,0,1717059679278,134,0.0
1717059679,2324.89,2325.1,0.0,0,1717059679278,134,0.0
1717059679,2324.88,2325.08,0.0,0,1717059679621,134,0.0
1717059679,2324.87,2325.08,0.0,0,1717059679657,130,0.0
1717059679,2324.94,2325.15,0.0,0,1717059679942,134,0.0
1717059680,2324.89,2325.1,0.0,0,1717059680641,134,0.0
1717059680,2324.86,2325.06,0.0,0,1717059680931,134,0.0
1717059681,2325.05,2325.25,0.0,0,1717059681348,134,0.0
1717059681,2325.06,2325.27,0.0,0,1717059681599,134,0.0
1717059682,2325.02,2325.23,0.0,0,1717059682004,134,0.0
1717059682,2325.03,2325.24,0.0,0,1717059682246,134,0.0
1717059682,2324.98,2325.19,0.0,0,1717059682578,134,0.0
1717059682,2325.03,2325.24,0.0,0,1717059682925,134,0.0
1717059683,2325.03,2325.23,0.0,0,1717059683099,4,0.0
1717059683,2325.04,2325.24,0.0,0,1717059683426,134,0.0
1717059683,2325.0,2325.2,0.0,0,1717059683572,134,0.0
1717059683,2324.99,2325.19,0.0,0,1717059683894,134,0.0
1717059684,2324.97,2325.16,0.0,0,1717059684088,134,0.0
1717059684,2325.07,2325.27,0.0,0,1717059684228,134,0.0
1717059684,2325.04,2325.24,0.0,0,1717059684362,134,0.0
1717059684,2325.05,2325.25,0.0,0,1717059684556,134,0.0
1717059684,2325.04,2325.24,0.0,0,1717059684929,134,0.0
1717059685,2325.07,2325.27,0.0,0,1717059685209,134,0.0
1717059685,2325.1,2325.3,0.0,0,1717059685381,134,0.0
1717059685,2325.19,2325.39,0.0,0,1717059685545,134,0.0
1717059685,2325.23,2325.43,0.0,0,1717059685575,134,0.0
1717059686,2325.22,2325.42,0.0,0,1717059686246,134,0.0
1717059686,2325.29,2325.49,0.0,0,1717059686711,134,0.0
1717059686,2325.33,2325.53,0.0,0,1717059686886,134,0.0
1717059687,2325.33,2325.52,0.0,0,1717059687062,4,0.0
1717059687,2325.32,2325.52,0.0,0,1717059687198,130,0.0
1717059687,2325.26,2325.46,0.0,0,1717059687491,134,0.0
1717059687,2325.28,2325.48,0.0,0,1717059687702,134,0.0
1717059687,2325.3,2325.5,0.0,0,1717059687859,134,0.0
1717059687,2325.31,2325.5,0.0,0,1717059687907,130,0.0
1717059688,2325.27,2325.47,0.0,0,1717059688227,134,0.0
1717059688,2325.33,2325.53,0.0,0,1717059688510,134,0.0
1717059688,2325.32,2325.51,0.0,0,1717059688725,134,0.0
1717059689,2325.27,2325.46,0.0,0,1717059689599,134,0.0
1717059689,2325.31,2325.5,0.0,0,1717059689847,134,0.0
1717059690,2325.33,2325.52,0.0,0,1717059690129,134,0.0
1717059690,2325.33,2325.53,0.0,0,1717059690240,4,0.0
1717059690,2325.32,2325.52,0.0,0,1717059690499,134,0.0
1717059690,2325.34,2325.53,0.0,0,1717059690531,134,0.0
1717059690,2325.42,2325.61,0.0,0,1717059690823,134,0.0
1717059691,2325.41,2325.6,0.0,0,1717059691029,134,0.0
1717059691,2325.4,2325.6,0.0,0,1717059691181,130,0.0
1717059691,2325.38,2325.57,0.0,0,1717059691247,134,0.0
1717059691,2325.37,2325.56,0.0,0,1717059691730,134,0.0
1717059691,2325.41,2325.61,0.0,0,1717059691826,134,0.0
1717059692,2325.42,2325.61,0.0,0,1717059692210,130,0.0
1717059692,2325.37,2325.56,0.0,0,1717059692559,134,0.0
1717059692,2325.42,2325.61,0.0,0,1717059692803,134,0.0
1717059692,2325.38,2325.57,0.0,0,1717059692993,134,0.0
1717059693,2325.42,2325.62,0.0,0,1717059693739,134,0.0
1717059693,2325.4,2325.6,0.0,0,1717059693977,134,0.0
1717059694,2325.37,2325.57,0.0,0,1717059694147,134,0.0
1717059694,2325.37,2325.56,0.0,0,1717059694177,4,0.0
1717059694,2325.34,2325.53,0.0,0,1717059694477,134,0.0
1717059694,2325.28,2325.47,0.0,0,1717059694502,134,0.0
1717059694,2325.16,2325.35,0.0,0,1717059694795,134,0.0
1717059694,2325.13,2325.32,0.0,0,1717059694976,134,0.0
1717059695,2325.12,2325.31,0.0,0,1717059695109,134,0.0
1717059695,2325.11,2325.31,0.0,0,1717059695213,130,0.0
1717059695,2325.16,2325.35,0.0,0,1717059695994,134,0.0
1717059696,2325.1,2325.29,0.0,0,1717059696107,134,0.0
1717059696,2325.08,2325.28,0.0,0,1717059696246,134,0.0
1717059696,2325.07,2325.27,0.0,0,1717059696515,134,0.0
1717059696,2325.18,2325.37,0.0,0,1717059696772,134,0.0
1717059696,2325.18,2325.38,0.0,0,1717059696915,4,0.0
1717059697,2325.19,2325.39,0.0,0,1717059697431,134,0.0
1717059697,2325.2,2325.4,0.0,0,1717059697545,134,0.0
1717059698,2325.2,2325.39,0.0,0,1717059698539,4,0.0
1717059698,2325.26,2325.46,0.0,0,1717059698779,134,0.0
1717059698,2325.27,2325.47,0.0,0,1717059698809,134,0.0
1717059699,2325.09,2325.29,0.0,0,1717059699093,134,0.0
1717059699,2325.08,2325.28,0.0,0,1717059699157,134,0.0
1717059699,2325.07,2325.27,0.0,0,1717059699429,134,0.0
1717059699,2325.06,2325.25,0.0,0,1717059699746,134,0.0
1717059699,2325.05,2325.25,0.0,0,1717059699842,130,0.0
1717059700,2325.06,2325.25,0.0,0,1717059700079,130,0.0
1717059700,2325.05,2325.25,0.0,0,1717059700147,130,0.0
1717059700,2324.98,2325.18,0.0,0,1717059700397,134,0.0
1717059700,2325.04,2325.23,0.0,0,1717059700731,134,0.0
1717059700,2325.03,2325.23,0.0,0,1717059700762,130,0.0
1717059701,2325.01,2325.21,0.0,0,1717059701061,134,0.0
1717059701,2325.0,2325.2,0.0,0,1717059701215,134,0.0
1717059701,2325.01,2325.21,0.0,0,1717059701639,134,0.0
1717059701,2325.05,2325.24,0.0,0,1717059701737,134,0.0
1717059702,2325.05,2325.25,0.0,0,1717059702103,4,0.0
1717059702,2325.05,2325.24,0.0,0,1717059702374,4,0.0
1717059702,2325.05,2325.25,0.0,0,1717059702452,4,0.0
1717059702,2325.05,2325.24,0.0,0,1717059702704,4,0.0
1717059702,2325.05,2325.25,0.0,0,1717059702899,4,0.0
1717059703,2325.13,2325.32,0.0,0,1717059703377,134,0.0
1717059703,2325.19,2325.38,0.0,0,1717059703411,134,0.0
1717059703,2325.17,2325.36,0.0,0,1717059703693,134,0.0
1717059703,2325.09,2325.28,0.0,0,1717059703744,134,0.0
1717059704,2325.08,2325.27,0.0,0,1717059704032,134,0.0
1717059704,2325.06,2325.26,0.0,0,1717059704159,134,0.0
1717059704,2325.09,2325.28,0.0,0,1717059704361,134,0.0
1717059704,2325.1,2325.3,0.0,0,1717059704377,134,0.0
1717059704,2325.06,2325.26,0.0,0,1717059704975,134,0.0
1717059705,2325.06,2325.25,0.0,0,1717059705062,4,0.0
1717059706,2325.06,2325.26,0.0,0,1717059706347,4,0.0
1717059706,2325.06,2325.25,0.0,0,1717059706679,4,0.0
1717059707,2325.08,2325.28,0.0,0,1717059707610,134,0.0
1717059707,2325.19,2325.38,0.0,0,1717059707710,134,0.0
1717059708,2325.17,2325.36,0.0,0,1717059708022,134,0.0
1717059708,2325.18,2325.38,0.0,0,1717059708189,134,0.0
1717059708,2325.19,2325.39,0.0,0,1717059708429,134,0.0
1717059708,2325.18,2325.38,0.0,0,1717059708446,134,0.0
1717059708,2325.17,2325.37,0.0,0,1717059708703,134,0.0
1717059708,2325.16,2325.36,0.0,0,1717059708928,134,0.0
1717059709,2325.19,2325.37,0.0,0,1717059709186,134,0.0
1717059709,2325.29,2325.47,0.0,0,1717059709334,134,0.0
1717059709,2325.35,2325.53,0.0,0,1717059709395,134,0.0
1717059709,2325.34,2325.53,0.0,0,1717059709676,130,0.0
1717059709,2325.29,2325.48,0.0,0,1717059709756,134,0.0
1717059710,2325.31,2325.5,0.0,0,1717059710012,134,0.0
1717059710,2325.3,2325.5,0.0,0,1717059710079,130,0.0
1717059710,2325.3,2325.49,0.0,0,1717059710356,4,0.0
1717059710,2325.3,2325.5,0.0,0,1717059710662,4,0.0
1717059711,2325.3,2325.49,0.0,0,1717059711195,4,0.0
1717059711,2325.35,2325.54,0.0,0,1717059711491,134,0.0
1717059711,2325.33,2325.52,0.0,0,1717059711712,134,0.0
1717059712,2325.18,2325.38,0.0,0,1717059712007,134,0.0
1717059712,2325.18,2325.37,0.0,0,1717059712148,4,0.0
1717059712,2325.21,2325.4,0.0,0,1717059712310,134,0.0
1717059712,2325.24,2325.42,0.0,0,1717059712310,134,0.0
1717059712,2325.24,2325.43,0.0,0,1717059712677,4,0.0
1717059712,2325.24,2325.42,0.0,0,1717059712991,4,0.0
1717059713,2325.24,2325.43,0.0,0,1717059713312,4,0.0
1717059713,2325.25,2325.43,0.0,0,1717059713355,130,0.0
1717059714,2325.25,2325.44,0.0,0,1717059714110,4,0.0
1717059714,2325.25,2325.43,0.0,0,1717059714296,4,0.0
1717059714,2325.25,2325.44,0.0,0,1717059714314,4,0.0
1717059714,2325.26,2325.44,0.0,0,1717059714650,130,0.0
1717059715,2325.26,2325.45,0.0,0,1717059715233,4,0.0
1717059715,2325.3,2325.49,0.0,0,1717059715341,134,0.0
1717059715,2325.24,2325.42,0.0,0,1717059715954,134,0.0
1717059716,2325.22,2325.4,0.0,0,1717059716034,134,0.0
1717059716,2325.08,2325.27,0.0,0,1717059716262,134,0.0
1717059716,2325.08,2325.26,0.0,0,1717059716573,4,0.0
1717059717,2325.06,2325.25,0.0,0,1717059717021,134,0.0
1717059717,2325.06,2325.26,0.0,0,1717059717263,4,0.0
1717059717,2325.05,2325.25,0.0,0,1717059717311,134,0.0
1717059717,2325.06,2325.25,0.0,0,1717059717591,130,0.0
1717059717,2325.05,2325.25,0.0,0,1717059717609,130,0.0
1717059717,2325.05,2325.24,0.0,0,1717059717941,4,0.0
1717059718,2324.98,2325.16,0.0,0,1717059718196,134,0.0
1717059718,2324.88,2325.07,0.0,0,1717059718293,134,0.0
1717059718,2324.91,2325.1,0.0,0,1717059718580,134,0.0
1717059718,2324.91,2325.09,0.0,0,1717059718598,4,0.0
1717059718,2324.88,2325.06,0.0,0,1717059718909,134,0.0
1717059719,2324.87,2325.06,0.0,0,1717059719023,130,0.0
1717059719,2324.86,2325.05,0.0,0,1717059719253,134,0.0
1717059719,2324.79,2324.99,0.0,0,1717059719268,134,0.0
1717059719,2324.8,2325.0,0.0,0,1717059719579,134,0.0
1717059719,2324.81,2325.0,0.0,0,1717059719911,130,0.0
1717059719,2324.8,2325.0,0.0,0,1717059719950,130,0.0
1717059720,2324.77,2324.96,0.0,0,1717059720304,134,0.0
1717059720,2324.78,2324.97,0.0,0,1717059720334,134,0.0
1717059720,2324.76,2324.95,0.0,0,1717059720585,134,0.0
1717059720,2324.76,2324.96,0.0,0,1717059720979,4,0.0
1717059720,2324.77,2324.97,0.0,0,1717059720997,134,0.0
1717059721,2324.8,2324.98,0.0,0,1717059721235,134,0.0
1717059721,2324.85,2325.03,0.0,0,1717059721297,134,0.0
1717059721,2324.87,2325.06,0.0,0,1717059721546,134,0.0
1717059721,2324.86,2325.05,0.0,0,1717059721651,134,0.0
1717059722,2324.88,2325.07,0.0,0,1717059722016,134,0.0
1717059722,2324.92,2325.1,0.0,0,1717059722238,134,0.0
1717059722,2324.9,2325.08,0.0,0,1717059722245,134,0.0
1717059722,2324.9,2325.09,0.0,0,1717059722786,4,0.0
1717059722,2324.83,2325.02,0.0,0,1717059722939,134,0.0
1717059723,2324.87,2325.06,0.0,0,1717059723215,134,0.0
1717059723,2324.84,2325.03,0.0,0,1717059723265,134,0.0
1717059723,2324.83,2325.01,0.0,0,1717059723746,134,0.0
1717059724,2324.82,2325.01,0.0,0,1717059724093,130,0.0
1717059724,2324.77,2324.96,0.0,0,1717059724199,134,0.0
1717059724,2324.75,2324.94,0.0,0,1717059724534,134,0.0
1717059725,2324.74,2324.92,0.0,0,1717059725173,134,0.0
1717059725,2324.73,2324.92,0.0,0,1717059725449,130,0.0
1717059725,2324.75,2324.93,0.0,0,1717059725565,134,0.0
1717059725,2324.77,2324.96,0.0,0,1717059725854,134,0.0
1717059727,2324.78,2324.96,0.0,0,1717059727280,130,0.0
1717059727,2324.79,2324.98,0.0,0,1717059727507,134,0.0
1717059727,2324.87,2325.05,0.0,0,1717059727820,134,0.0
1717059727,2324.87,2325.06,0.0,0,1717059727886,4,0.0
1717059728,2324.88,2325.07,0.0,0,1717059728251,134,0.0
1717059728,2324.96,2325.15,0.0,0,1717059728497,134,0.0
1717059729,2324.97,2325.15,0.0,0,1717059729104,130,0.0
1717059730,2324.94,2325.13,0.0,0,1717059730677,134,0.0
1717059730,2324.91,2325.1,0.0,0,1717059730815,134,0.0
1717059730,2324.96,2325.15,0.0,0,1717059730881,134,0.0
1717059731,2324.97,2325.15,0.0,0,1717059731249,130,0.0
1717059731,2324.97,2325.16,0.0,0,1717059731493,4,0.0
1717059731,2324.98,2325.16,0.0,0,1717059731784,130,0.0
1717059732,2324.99,2325.18,0.0,0,1717059732112,134,0.0
1717059732,2325.0,2325.19,0.0,0,1717059732446,134,0.0
1717059733,2325.02,2325.2,0.0,0,1717059733096,134,0.0
1717059733,2325.02,2325.21,0.0,0,1717059733940,4,0.0
1717059734,2324.97,2325.16,0.0,0,1717059734096,134,0.0
1717059734,2324.97,2325.15,0.0,0,1717059734878,4,0.0
1717059735,2324.95,2325.13,0.0,0,1717059735102,134,0.0
1717059735,2324.94,2325.12,0.0,0,1717059735164,134,0.0
1717059735,2324.93,2325.12,0.0,0,1717059735435,130,0.0
1717059735,2324.92,2325.1,0.0,0,1717059735580,134,0.0
1717059736,2324.87,2325.06,0.0,0,1717059736192,134,0.0
1717059736,2324.87,2325.05,0.0,0,1717059736427,4,0.0
1717059736,2324.84,2325.03,0.0,0,1717059736730,134,0.0
1717059736,2324.87,2325.05,0.0,0,1717059736764,134,0.0
1717059737,2324.87,2325.06,0.0,0,1717059737081,4,0.0
1717059737,2324.87,2325.05,0.0,0,1717059737400,4,0.0
1717059737,2324.87,2325.06,0.0,0,1717059737960,4,0.0
1717059738,2324.84,2325.03,0.0,0,1717059738723,134,0.0
1717059738,2324.8,2324.99,0.0,0,1717059738802,134,0.0
1717059739,2324.79,2324.97,0.0,0,1717059739113,134,0.0
1717059739,2324.78,2324.97,0.0,0,1717059739149,130,0.0
1717059739,2324.97,2325.15,0.0,0,1717059739380,134,0.0
1717059739,2324.95,2325.13,0.0,0,1717059739432,134,0.0
1717059739,2324.91,2325.09,0.0,0,1717059739708,134,0.0
1717059739,2324.91,2325.1,0.0,0,1717059739818,4,0.0
1717059740,2324.96,2325.14,0.0,0,1717059740062,134,0.0
1717059740,2324.97,2325.15,0.0,0,1717059740124,134,0.0
1717059740,2325.05,2325.24,0.0,0,1717059740367,134,0.0
1717059740,2325.06,2325.25,0.0,0,1717059740511,134,0.0
1717059740,2325.05,2325.24,0.0,0,1717059740927,134,0.0
1717059741,2325.0,2325.19,0.0,0,1717059741364,134,0.0
1717059741,2324.97,2325.16,0.0,0,1717059741724,134,0.0
1717059742,2324.95,2325.13,0.0,0,1717059742011,134,0.0
1717059742,2324.91,2325.09,0.0,0,1717059742090,134,0.0
1717059742,2324.87,2325.06,0.0,0,1717059742346,134,0.0
1717059742,2324.84,2325.02,0.0,0,1717059742501,134,0.0
1717059742,2324.87,2325.05,0.0,0,1717059742811,134,0.0
1717059743,2324.97,2325.15,0.0,0,1717059743083,134,0.0
1717059743,2324.96,2325.14,0.0,0,1717059743694,134,0.0
1717059744,2324.89,2325.08,0.0,0,1717059744007,134,0.0
1717059744,2324.87,2325.05,0.0,0,1717059744109,134,0.0
1717059744,2324.86,2325.04,0.0,0,1717059744324,134,0.0
1717059744,2324.85,2325.03,0.0,0,1717059744370,134,0.0
1717059744,2324.82,2325.0,0.0,0,1717059744712,134,0.0
1717059744,2324.87,2325.06,0.0,0,1717059744983,134,0.0
1717059745,2324.88,2325.07,0.0,0,1717059745048,134,0.0
1717059745,2324.94,2325.13,0.0,0,1717059745311,134,0.0
1717059745,2324.92,2325.1,0.0,0,1717059745565,134,0.0
1717059745,2324.89,2325.08,0.0,0,1717059745679,134,0.0
1717059745,2324.9,2325.08,0.0,0,1717059745985,130,0.0
1717059746,2324.9,2325.09,0.0,0,1717059746293,4,0.0
1717059746,2324.9,2325.08,0.0,0,1717059746344,4,0.0
1717059746,2324.91,2325.09,0.0,0,1717059746727,134,0.0
1717059746,2324.96,2325.15,0.0,0,1717059746987,134,0.0
1717059750,2324.97,2325.16,0.0,0,1717059750213,134,0.0
1717059750,2324.96,2325.15,0.0,0,1717059750592,134,0.0
1717059750,2324.86,2325.05,0.0,0,1717059750610,134,0.0
1717059750,2324.84,2325.03,0.0,0,1717059750919,134,0.0
1717059751,2324.82,2325.01,0.0,0,1717059751149,134,0.0
1717059751,2324.82,2325.0,0.0,0,1717059751262,4,0.0
1717059751,2324.86,2325.04,0.0,0,1717059751576,134,0.0
1717059751,2324.86,2325.05,0.0,0,1717059751613,4,0.0
1717059751,2324.86,2325.04,0.0,0,1717059751908,4,0.0
1717059751,2324.83,2325.01,0.0,0,1717059751981,134,0.0
1717059752,2324.67,2324.85,0.0,0,1717059752244,134,0.0
1717059752,2324.66,2324.85,0.0,0,1717059752358,130,0.0
1717059752,2324.64,2324.82,0.0,0,1717059752581,134,0.0
1717059753,2324.64,2324.83,0.0,0,1717059753143,4,0.0
1717059753,2324.75,2324.94,0.0,0,1717059753254,134,0.0
1717059753,2324.71,2324.9,0.0,0,1717059753564,134,0.0
1717059753,2324.7,2324.89,0.0,0,1717059753575,134,0.0
1717059753,2324.68,2324.87,0.0,0,1717059753888,134,0.0
1717059754,2324.67,2324.86,0.0,0,1717059754236,134,0.0
1717059754,2324.67,2324.85,0.0,0,1717059754412,4,0.0
1717059754,2324.66,2324.85,0.0,0,1717059754720,130,0.0
1717059754,2324.68,2324.87,0.0,0,1717059754883,134,0.0
1717059754,2324.77,2324.96,0.0,0,1717059754895,134,0.0
1717059755,2324.79,2324.98,0.0,0,1717059755286,134,0.0
1717059755,2324.89,2325.08,0.0,0,1717059755550,134,0.0
1717059755,2324.96,2325.15,0.0,0,1717059755640,134,0.0
1717059755,2324.97,2325.15,0.0,0,1717059755952,130,0.0
1717059756,2324.97,2325.16,0.0,0,1717059756044,4,0.0
1717059756,2324.96,2325.14,0.0,0,1717059756268,134,0.0
1717059756,2324.98,2325.17,0.0,0,1717059756268,134,0.0
1717059756,2324.97,2325.16,0.0,0,1717059756546,134,0.0
1717059756,2325.07,2325.26,0.0,0,1717059756862,134,0.0
1717059756,2325.06,2325.25,0.0,0,1717059756893,134,0.0
1717059757,2325.07,2325.25,0.0,0,1717059757398,130,0.0
1717059757,2325.06,2325.25,0.0,0,1717059757752,130,0.0
1717059757,2324.99,2325.18,0.0,0,1717059757913,134,0.0
1717059758,2324.91,2325.09,0.0,0,1717059758187,134,0.0
1717059758,2324.92,2325.11,0.0,0,1717059758234,134,0.0
1717059758,2324.91,2325.1,0.0,0,1717059758528,134,0.0
1717059758,2324.88,2325.06,0.0,0,1717059758560,134,0.0
1717059759,2324.86,2325.05,0.0,0,1717059759280,134,0.0
1717059760,2324.87,2325.05,0.0,0,1717059760147,130,0.0
1717059760,2324.86,2325.05,0.0,0,1717059760379,130,0.0
1717059760,2324.88,2325.07,0.0,0,1717059760552,134,0.0
1717059760,2324.86,2325.05,0.0,0,1717059760832,134,0.0
1717059760,2324.81,2325.0,0.0,0,1717059760892,134,0.0
1717059761,2324.79,2324.98,0.0,0,1717059761150,134,0.0
1717059761,2324.77,2324.96,0.0,0,1717059761350,134,0.0
1717059761,2324.75,2324.94,0.0,0,1717059761489,134,0.0
1717059762,2324.72,2324.9,0.0,0,1717059762362,134,0.0
1717059762,2324.71,2324.9,0.0,0,1717059762592,130,0.0
1717059762,2324.69,2324.88,0.0,0,1717059762875,134,0.0
1717059763,2324.68,2324.87,0.0,0,1717059763132,134,0.0
1717059763,2324.66,2324.85,0.0,0,1717059763484,134,0.0
1717059764,2324.62,2324.8,0.0,0,1717059764675,134,0.0
1717059764,2324.56,2324.74,0.0,0,1717059764846,134,0.0
1717059765,2324.55,2324.74,0.0,0,1717059765002,130,0.0
1717059765,2324.52,2324.71,0.0,0,1717059765567,134,0.0
1717059765,2324.52,2324.7,0.0,0,1717059765917,4,0.0
1717059766,2324.51,2324.7,0.0,0,1717059766127,130,0.0
1717059766,2324.49,2324.68,0.0,0,1717059766580,134,0.0
1717059766,2324.5,2324.69,0.0,0,1717059766779,134,0.0
1717059767,2324.46,2324.65,0.0,0,1717059767182,134,0.0
1717059767,2324.48,2324.67,0.0,0,1717059767468,134,0.0
1717059767,2324.49,2324.68,0.0,0,1717059767468,134,0.0
1717059768,2324.48,2324.67,0.0,0,1717059768162,134,0.0
1717059768,2324.5,2324.68,0.0,0,1717059768428,134,0.0
1717059768,2324.49,2324.68,0.0,0,1717059768477,130,0.0
1717059768,2324.5,2324.69,0.0,0,1717059768778,134,0.0
1717059769,2324.46,2324.64,0.0,0,1717059769129,134,0.0
1717059769,2324.41,2324.59,0.0,0,1717059769413,134,0.0
1717059769,2324.4,2324.59,0.0,0,1717059769496,130,0.0
1717059769,2324.41,2324.6,0.0,0,1717059769813,134,0.0
1717059770,2324.42,2324.6,0.0,0,1717059770187,130,0.0
1717059770,2324.42,2324.61,0.0,0,1717059770672,4,0.0
1717059771,2324.47,2324.66,0.0,0,1717059771142,134,0.0
1717059771,2324.56,2324.75,0.0,0,1717059771816,134,0.0
1717059772,2324.53,2324.72,0.0,0,1717059772040,134,0.0
1717059772,2324.53,2324.71,0.0,0,1717059772181,4,0.0
1717059772,2324.49,2324.68,0.0,0,1717059772371,134,0.0
1717059772,2324.48,2324.67,0.0,0,1717059772515,134,0.0
1717059772,2324.54,2324.72,0.0,0,1717059772733,134,0.0
1717059773,2324.52,2324.71,0.0,0,1717059773024,134,0.0
1717059773,2324.54,2324.73,0.0,0,1717059773068,134,0.0
1717059773,2324.52,2324.7,0.0,0,1717059773380,134,0.0
1717059773,2324.51,2324.69,0.0,0,1717059773427,134,0.0
1717059773,2324.48,2324.66,0.0,0,1717059773705,134,0.0
1717059774,2324.46,2324.65,0.0,0,1717059774607,134,0.0
1717059774,2324.48,2324.66,0.0,0,1717059774866,134,0.0
1717059775,2324.49,2324.68,0.0,0,1717059775032,134,0.0
1717059775,2324.46,2324.64,0.0,0,1717059775366,134,0.0
1717059775,2324.45,2324.63,0.0,0,1717059775397,134,0.0
1717059775,2324.48,2324.67,0.0,0,1717059775680,134,0.0
1717059775,2324.49,2324.68,0.0,0,1717059775763,134,0.0
1717059776,2324.48,2324.67,0.0,0,1717059776021,134,0.0
1717059776,2324.49,2324.67,0.0,0,1717059776196,130,0.0
1717059776,2324.48,2324.67,0.0,0,1717059776492,130,0.0
1717059776,2324.48,2324.66,0.0,0,1717059776959,4,0.0
1717059777,2324.49,2324.67,0.0,0,1717059777039,134,0.0
1717059777,2324.51,2324.7,0.0,0,1717059777323,134,0.0
1717059777,2324.52,2324.71,0.0,0,1717059777590,134,0.0
1717059777,2324.53,2324.71,0.0,0,1717059777692,130,0.0
1717059778,2324.67,2324.86,0.0,0,1717059778003,134,0.0
1717059778,2324.67,2324.85,0.0,0,1717059778003,4,0.0
1717059778,2324.67,2324.86,0.0,0,1717059778369,4,0.0
1717059778,2324.68,2324.86,0.0,0,1717059778607,130,0.0
1717059778,2324.68,2324.87,0.0,0,1717059778866,4,0.0
1717059779,2324.63,2324.82,0.0,0,1717059779534,134,0.0
1717059779,2324.57,2324.76,0.0,0,1717059779682,134,0.0
1717059779,2324.58,2324.77,0.0,0,1717059779980,134,0.0
1717059780,2324.54,2324.73,0.0,0,1717059780293,134,0.0
1717059780,2324.54,2324.72,0.0,0,1717059780498,4,0.0
1717059780,2324.58,2324.77,0.0,0,1717059780921,134,0.0
1717059781,2324.57,2324.76,0.0,0,1717059781392,134,0.0
1717059781,2324.54,2324.73,0.0,0,1717059781908,134,0.0
1717059782,2324.54,2324.72,0.0,0,1717059782244,4,0.0
1717059782,2324.53,2324.72,0.0,0,1717059782464,130,0.0
1717059782,2324.48,2324.67,0.0,0,1717059782611,134,0.0
1717059782,2324.5,2324.69,0.0,0,1717059782696,134,0.0
1717059782,2324.48,2324.67,0.0,0,1717059782949,134,0.0
1717059783,2324.47,2324.66,0.0,0,1717059783011,134,0.0
1717059783,2324.4,2324.59,0.0,0,1717059783261,134,0.0
1717059783,2324.41,2324.6,0.0,0,1717059783345,134,0.0
1717059783,2324.48,2324.67,0.0,0,1717059783594,134,0.0
1717059784,2324.49,2324.68,0.0,0,1717059784154,134,0.0
1717059784,2324.49,2324.67,0.0,0,1717059784964,4,0.0
1717059786,2324.51,2324.69,0.0,0,1717059786448,134,0.0
1717059786,2324.51,2324.68,0.0,0,1717059786562,4,0.0
1717059787,2324.51,2324.69,0.0,0,1717059787174,4,0.0
1717059787,2324.54,2324.71,0.0,0,1717059787269,134,0.0
1717059787,2324.54,2324.72,0.0,0,1717059787595,4,0.0
1717059787,2324.55,2324.72,0.0,0,1717059787725,130,0.0
1717059787,2324.69,2324.87,0.0,0,1717059787898,134,0.0
1717059787,2324.69,2324.86,0.0,0,1717059787898,4,0.0
1717059788,2324.69,2324.87,0.0,0,1717059788406,4,0.0
1717059788,2324.6,2324.79,0.0,0,1717059788559,134,0.0
1717059788,2324.62,2324.81,0.0,0,1717059788614,134,0.0
1717059788,2324.63,2324.82,0.0,0,1717059788879,134,0.0
1717059789,2324.62,2324.81,0.0,0,1717059789091,134,0.0
1717059789,2324.63,2324.82,0.0,0,1717059789217,134,0.0
1717059789,2324.64,2324.82,0.0,0,1717059789280,130,0.0
1717059789,2324.63,2324.82,0.0,0,1717059789545,130,0.0
1717059790,2324.59,2324.76,0.0,0,1717059790234,134,0.0
1717059790,2324.6,2324.78,0.0,0,1717059790526,134,0.0
1717059790,2324.62,2324.8,0.0,0,1717059790845,134,0.0
1717059790,2324.63,2324.81,0.0,0,1717059790911,134,0.0
1717059791,2324.64,2324.82,0.0,0,1717059791580,134,0.0
1717059792,2324.64,2324.81,0.0,0,1717059792000,4,0.0
1717059792,2324.64,2324.82,0.0,0,1717059792180,4,0.0
1717059793,2324.59,2324.77,0.0,0,1717059793598,134,0.0
1717059793,2324.58,2324.76,0.0,0,1717059793828,134,0.0
1717059793,2324.56,2324.74,0.0,0,1717059793845,134,0.0
1717059794,2324.55,2324.72,0.0,0,1717059794186,134,0.0
1717059794,2324.5,2324.68,0.0,0,1717059794522,134,0.0
1717059794,2324.51,2324.68,0.0,0,1717059794539,130,0.0
1717059794,2324.51,2324.69,0.0,0,1717059794829,4,0.0
1717059795,2324.49,2324.67,0.0,0,1717059795146,134,0.0
1717059795,2324.48,2324.65,0.0,0,1717059795462,134,0.0
1717059795,2324.47,2324.64,0.0,0,1717059795549,134,0.0
1717059795,2324.4,2324.58,0.0,0,1717059795811,134,0.0
1717059796,2324.41,2324.59,0.0,0,1717059796008,134,0.0
1717059796,2324.42,2324.6,0.0,0,1717059796213,134,0.0
1717059796,2324.43,2324.61,0.0,0,1717059796826,134,0.0
1717059796,2324.4,2324.58,0.0,0,1717059796888,134,0.0
1717059797,2324.4,2324.57,0.0,0,1717059797149,4,0.0
1717059797,2324.41,2324.59,0.0,0,1717059797484,134,0.0
1717059797,2324.42,2324.6,0.0,0,1717059797790,134,0.0
1717059798,2324.41,2324.59,0.0,0,1717059798128,134,0.0
1717059798,2324.41,2324.58,0.0,0,1717059798293,4,0.0
1717059798,2324.42,2324.6,0.0,0,1717059798660,134,0.0
1717059798,2324.4,2324.58,0.0,0,1717059798784,134,0.0
1717059799,2324.41,2324.59,0.0,0,1717059799207,134,0.0
1717059799,2324.45,2324.62,0.0,0,1717059799433,134,0.0
1717059799,2324.45,2324.63,0.0,0,1717059799480,4,0.0
1717059799,2324.46,2324.64,0.0,0,1717059799757,134,0.0
1717059800,2324.45,2324.62,0.0,0,1717059800111,134,0.0
1717059800,2324.4,2324.58,0.0,0,1717059800481,134,0.0
1717059800,2324.38,2324.56,0.0,0,1717059800741,134,0.0
1717059800,2324.37,2324.55,0.0,0,1717059800788,134,0.0
1717059801,2324.31,2324.48,0.0,0,1717059801100,134,0.0
1717059801,2324.3,2324.48,0.0,0,1717059801133,130,0.0
1717059801,2324.29,2324.47,0.0,0,1717059801494,134,0.0
1717059802,2324.3,2324.47,0.0,0,1717059802245,130,0.0
1717059802,2324.3,2324.48,0.0,0,1717059802482,4,0.0
1717059803,2324.34,2324.52,0.0,0,1717059803396,134,0.0
1717059803,2324.29,2324.47,0.0,0,1717059803427,134,0.0
1717059804,2324.3,2324.47,0.0,0,1717059804569,130,0.0
1717059804,2324.29,2324.47,0.0,0,1717059804712,130,0.0
1717059807,2324.3,2324.48,0.0,0,1717059807164,134,0.0
1717059807,2324.3,2324.47,0.0,0,1717059807367,4,0.0
1717059808,2324.31,2324.49,0.0,0,1717059808195,134,0.0
1717059808,2324.39,2324.56,0.0,0,1717059808340,134,0.0
1717059809,2324.39,2324.57,0.0,0,1717059809519,4,0.0
1717059809,2324.41,2324.59,0.0,0,1717059809685,134,0.0
1717059809,2324.48,2324.66,0.0,0,1717059809748,134,0.0
1717059810,2324.47,2324.64,0.0,0,1717059810244,134,0.0
1717059810,2324.44,2324.62,0.0,0,1717059810344,134,0.0
1717059810,2324.44,2324.61,0.0,0,1717059810665,4,0.0
1717059810,2324.44,2324.62,0.0,0,1717059810696,4,0.0
1717059811,2324.4,2324.58,0.0,0,1717059811006,134,0.0
1717059812,2324.4,2324.57,0.0,0,1717059812027,4,0.0
1717059812,2324.37,2324.55,0.0,0,1717059812310,134,0.0
1717059812,2324.36,2324.54,0.0,0,1717059812449,134,0.0
1717059812,2324.36,2324.53,0.0,0,1717059812641,4,0.0
1717059812,2324.4,2324.57,0.0,0,1717059812749,134,0.0
1717059812,2324.37,2324.55,0.0,0,1717059812981,134,0.0
1717059813,2324.35,2324.53,0.0,0,1717059813533,134,0.0
1717059813,2324.29,2324.47,0.0,0,1717059813708,134,0.0
1717059814,2324.31,2324.49,0.0,0,1717059814159,134,0.0
1717059814,2324.59,2324.77,0.0,0,1717059814265,134,0.0
1717059814,2324.58,2324.75,0.0,0,1717059814512,134,0.0
1717059814,2324.62,2324.79,0.0,0,1717059814629,134,0.0
1717059814,2324.74,2324.92,0.0,0,1717059814950,134,0.0
1717059815,2324.75,2324.92,0.0,0,1717059815012,130,0.0
1717059815,2324.79,2324.99,0.0,0,1717059815280,134,0.0
1717059815,2324.79,2324.98,0.0,0,1717059815968,4,0.0
1717059816,2324.82,2325.02,0.0,0,1717059816265,134,0.0
1717059816,2324.79,2324.99,0.0,0,1717059816344,134,0.0
1717059816,2324.78,2324.98,0.0,0,1717059816607,134,0.0
1717059817,2324.79,2324.99,0.0,0,1717059817206,134,0.0
1717059817,2324.73,2324.93,0.0,0,1717059817363,134,0.0
1717059817,2324.85,2325.04,0.0,0,1717059817590,134,0.0
1717059817,2324.84,2325.04,0.0,0,1717059817670,130,0.0
1717059817,2324.81,2325.01,0.0,0,1717059817928,134,0.0
1717059818,2324.79,2324.99,0.0,0,1717059818188,134,0.0
1717059818,2324.8,2325.0,0.0,0,1717059818796,134,0.0
1717059818,2324.82,2325.02,0.0,0,1717059818893,134,0.0
1717059819,2324.84,2325.02,0.0,0,1717059819060,130,0.0
1717059819,2324.83,2325.02,0.0,0,1717059819672,130,0.0
1717059819,2324.84,2325.02,0.0,0,1717059819907,130,0.0
1717059820,2324.79,2324.97,0.0,0,1717059820428,134,0.0
1717059820,2324.8,2324.99,0.0,0,1717059820564,134,0.0
1717059820,2324.81,2325.0,0.0,0,1717059820692,134,0.0
1717059820,2324.82,2325.0,0.0,0,1717059820894,130,0.0
1717059820,2324.83,2325.01,0.0,0,1717059820987,134,0.0
1717059821,2324.83,2325.02,0.0,0,1717059821250,4,0.0
1717059821,2324.97,2325.16,0.0,0,1717059821281,134,0.0
1717059821,2324.99,2325.18,0.0,0,1717059821534,134,0.0
1717059821,2325.0,2325.19,0.0,0,1717059821871,134,0.0
1717059822,2325.02,2325.21,0.0,0,1717059822216,134,0.0
1717059822,2325.09,2325.27,0.0,0,1717059822284,134,0.0
1717059822,2325.08,2325.26,0.0,0,1717059822534,134,0.0
1717059822,2325.08,2325.27,0.0,0,1717059822680,4,0.0
1717059822,2325.1,2325.28,0.0,0,1717059822876,134,0.0
1717059823,2325.07,2325.26,0.0,0,1717059823192,134,0.0
1717059823,2325.08,2325.26,0.0,0,1717059823289,130,0.0
1717059823,2325.06,2325.25,0.0,0,1717059823512,134,0.0
1717059823,2325.03,2325.22,0.0,0,1717059823691,134,0.0
1717059823,2325.09,2325.28,0.0,0,1717059823864,134,0.0
1717059823,2325.07,2325.26,0.0,0,1717059823927,134,0.0
1717059824,2325.09,2325.27,0.0,0,1717059824191,134,0.0
1717059824,2325.09,2325.28,0.0,0,1717059824645,4,0.0
1717059824,2325.18,2325.36,0.0,0,1717059824855,134,0.0
1717059824,2325.17,2325.35,0.0,0,1717059824965,134,0.0
1717059825,2325.17,2325.36,0.0,0,1717059825160,4,0.0
1717059825,2325.18,2325.37,0.0,0,1717059825223,134,0.0
1717059826,2325.19,2325.38,0.0,0,1717059826214,134,0.0
1717059826,2325.19,2325.37,0.0,0,1717059826574,4,0.0
1717059826,2325.12,2325.3,0.0,0,1717059826848,134,0.0
1717059827,2325.1,2325.29,0.0,0,1717059827165,134,0.0
1717059827,2325.1,2325.28,0.0,0,1717059827465,4,0.0
1717059828,2325.09,2325.28,0.0,0,1717059828396,130,0.0
1717059831,2325.1,2325.29,0.0,0,1717059831195,134,0.0
1717059831,2325.18,2325.37,0.0,0,1717059831445,134,0.0
1717059831,2325.17,2325.36,0.0,0,1717059831881,134,0.0
1717059832,2325.19,2325.37,0.0,0,1717059832104,134,0.0
1717059832,2325.19,2325.38,0.0,0,1717059832549,4,0.0
1717059833,2325.21,2325.39,0.0,0,1717059833463,134,0.0
1717059833,2325.23,2325.42,0.0,0,1717059833762,134,0.0
1717059834,2325.28,2325.47,0.0,0,1717059834080,134,0.0
1717059835,2325.29,2325.48,0.0,0,1717059835232,134,0.0
1717059837,2325.28,2325.46,0.0,0,1717059837292,134,0.0
1717059837,2325.29,2325.48,0.0,0,1717059837400,134,0.0
1717059839,2325.29,2325.47,0.0,0,1717059839357,4,0.0
1717059839,2325.34,2325.51,0.0,0,1717059839392,134,0.0
1717059839,2325.47,2325.64,0.0,0,1717059839713,134,0.0
1717059840,2325.47,2325.66,0.0,0,1717059840094,134,0.0
1717059840,2325.48,2325.67,0.0,0,1717059840727,134,0.0
1717059841,2325.57,2325.75,0.0,0,1717059841026,134,0.0
1717059841,2325.67,2325.86,0.0,0,1717059841348,134,0.0
1717059841,2325.66,2325.84,0.0,0,1717059841411,134,0.0
1717059841,2325.67,2325.85,0.0,0,1717059841685,134,0.0
1717059841,2325.67,2325.86,0.0,0,1717059841685,4,0.0
1717059842,2325.76,2325.94,0.0,0,1717059842011,134,0.0
1717059842,2325.75,2325.94,0.0,0,1717059842079,130,0.0
1717059842,2325.76,2325.95,0.0,0,1717059842395,134,0.0
1717059842,2325.78,2325.96,0.0,0,1717059842395,134,0.0
1717059842,2325.77,2325.96,0.0,0,1717059842715,130,0.0
1717059843,2325.93,2326.12,0.0,0,1717059843012,134,0.0
1717059843,2325.98,2326.17,0.0,0,1717059843028,134,0.0
1717059843,2325.97,2326.16,0.0,0,1717059843332,134,0.0
1717059843,2325.99,2326.18,0.0,0,1717059843380,134,0.0
1717059843,2325.98,2326.17,0.0,0,1717059843670,134,0.0
1717059843,2326.03,2326.22,0.0,0,1717059843997,134,0.0
1717059844,2326.05,2326.23,0.0,0,1717059844026,134,0.0
1717059844,2326.05,2326.24,0.0,0,1717059844305,4,0.0
1717059844,2326.04,2326.23,0.0,0,1717059844449,134,0.0
1717059844,2326.03,2326.22,0.0,0,1717059844639,134,0.0
1717059844,2325.97,2326.16,0.0,0,1717059844674,134,0.0
1717059844,2325.95,2326.14,0.0,0,1717059844980,134,0.0
1717059845,2325.95,2326.13,0.0,0,1717059845178,4,0.0
1717059845,2325.94,2326.12,0.0,0,1717059845577,134,0.0
1717059845,2325.95,2326.13,0.0,0,1717059845658,134,0.0
1717059846,2325.91,2326.09,0.0,0,1717059846351,134,0.0
1717059846,2325.86,2326.04,0.0,0,1717059846629,134,0.0
1717059846,2325.86,2326.05,0.0,0,1717059846793,4,0.0
1717059846,2325.86,2326.04,0.0,0,1717059846955,4,0.0
1717059847,2325.88,2326.06,0.0,0,1717059847272,134,0.0
1717059847,2325.88,2326.07,0.0,0,1717059847356,4,0.0
1717059847,2325.89,2326.08,0.0,0,1717059847655,134,0.0
1717059847,2325.87,2326.06,0.0,0,1717059847971,134,0.0
1717059847,2325.86,2326.04,0.0,0,1717059847971,134,0.0
1717059848,2325.85,2326.04,0.0,0,1717059848281,130,0.0
1717059848,2325.86,2326.04,0.0,0,1717059848281,130,0.0
1717059848,2325.85,2326.04,0.0,0,1717059848694,130,0.0
1717059848,2325.85,2326.03,0.0,0,1717059848959,4,0.0
1717059849,2325.84,2326.03,0.0,0,1717059849132,130,0.0
1717059849,2325.84,2326.02,0.0,0,1717059849280,4,0.0
1717059849,2325.82,2326.01,0.0,0,1717059849313,134,0.0
1717059849,2325.78,2325.97,0.0,0,1717059849859,134,0.0
1717059849,2325.75,2325.93,0.0,0,1717059849941,134,0.0
1717059850,2325.7,2325.89,0.0,0,1717059850369,134,0.0
1717059850,2325.68,2325.87,0.0,0,1717059850590,134,0.0
1717059850,2325.69,2325.87,0.0,0,1717059850826,130,0.0
1717059850,2325.68,2325.87,0.0,0,1717059850999,130,0.0
1717059851,2325.66,2325.85,0.0,0,1717059851266,134,0.0
1717059851,2325.68,2325.87,0.0,0,1717059851317,134,0.0
1717059851,2325.69,2325.87,0.0,0,1717059851628,130,0.0
1717059851,2325.63,2325.82,0.0,0,1717059851908,134,0.0
1717059851,2325.64,2325.83,0.0,0,1717059851929,134,0.0
1717059852,2325.66,2325.85,0.0,0,1717059852295,134,0.0
1717059852,2325.66,2325.84,0.0,0,1717059852908,4,0.0
1717059853,2325.68,2325.87,0.0,0,1717059853683,134,0.0
1717059853,2325.78,2325.97,0.0,0,1717059853895,134,0.0
1717059853,2325.79,2325.97,0.0,0,1717059853980,130,0.0
1717059854,2325.8,2325.98,0.0,0,1717059854213,134,0.0
1717059854,2325.76,2325.94,0.0,0,1717059854230,134,0.0
1717059854,2325.75,2325.94,0.0,0,1717059854550,130,0.0
1717059854,2325.76,2325.95,0.0,0,1717059854629,134,0.0
1717059854,2325.69,2325.87,0.0,0,1717059854884,134,0.0
1717059854,2325.68,2325.86,0.0,0,1717059854936,134,0.0
1717059855,2325.67,2325.85,0.0,0,1717059855230,134,0.0
1717059855,2325.66,2325.85,0.0,0,1717059855247,130,0.0
1717059855,2325.65,2325.83,0.0,0,1717059855550,134,0.0
1717059855,2325.64,2325.83,0.0,0,1717059855777,130,0.0
1717059856,2325.65,2325.84,0.0,0,1717059856177,134,0.0
1717059856,2325.66,2325.85,0.0,0,1717059856428,134,0.0
1717059856,2325.76,2325.94,0.0,0,1717059856549,134,0.0
1717059858,2325.76,2325.95,0.0,0,1717059858883,4,0.0
1717059859,2325.68,2325.86,0.0,0,1717059859180,134,0.0
1717059859,2325.67,2325.85,0.0,0,1717059859208,134,0.0
1717059859,2325.62,2325.81,0.0,0,1717059859550,134,0.0
1717059859,2325.6,2325.79,0.0,0,1717059859833,134,0.0
1717059860,2325.59,2325.78,0.0,0,1717059860849,134,0.0
1717059861,2325.5,2325.68,0.0,0,1717059861146,134,0.0
1717059861,2325.53,2325.71,0.0,0,1717059861696,134,0.0
1717059861,2325.5,2325.69,0.0,0,1717059861793,134,0.0
1717059861,2325.49,2325.67,0.0,0,1717059861895,134,0.0
1717059862,2325.46,2325.65,0.0,0,1717059862132,134,0.0
1717059862,2325.46,2325.64,0.0,0,1717059862232,4,0.0
1717059862,2325.46,2325.65,0.0,0,1717059862479,4,0.0
1717059862,2325.47,2325.65,0.0,0,1717059862942,130,0.0
1717059863,2325.46,2325.64,0.0,0,1717059863179,134,0.0
1717059863,2325.4,2325.59,0.0,0,1717059863460,134,0.0
1717059863,2325.39,2325.57,0.0,0,1717059863493,134,0.0
1717059863,2325.38,2325.56,0.0,0,1717059863776,134,0.0
1717059863,2325.45,2325.64,0.0,0,1717059863881,134,0.0
1717059864,2325.44,2325.63,0.0,0,1717059864111,134,0.0
1717059864,2325.4,2325.58,0.0,0,1717059864150,134,0.0
1717059864,2325.39,2325.57,0.0,0,1717059864461,134,0.0
1717059864,2325.36,2325.54,0.0,0,1717059864711,134,0.0
1717059864,2325.33,2325.51,0.0,0,1717059864810,134,0.0
1717059865,2325.31,2325.5,0.0,0,1717059865110,134,0.0
1717059865,2325.32,2325.5,0.0,0,1717059865110,130,0.0
1717059865,2325.26,2325.45,0.0,0,1717059865448,134,0.0
1717059866,2325.26,2325.44,0.0,0,1717059866013,4,0.0
1717059866,2325.27,2325.45,0.0,0,1717059866262,134,0.0
1717059866,2325.26,2325.44,0.0,0,1717059866427,134,0.0
1717059866,2325.26,2325.45,0.0,0,1717059866666,4,0.0
1717059866,2325.25,2325.44,0.0,0,1717059866768,134,0.0
1717059867,2325.22,2325.41,0.0,0,1717059867084,134,0.0
1717059867,2325.21,2325.4,0.0,0,1717059867264,134,0.0
1717059867,2325.17,2325.35,0.0,0,1717059867414,134,0.0
1717059868,2325.15,2325.34,0.0,0,1717059868037,134,0.0
1717059868,2325.1,2325.28,0.0,0,1717059868213,134,0.0
1717059868,2325.09,2325.28,0.0,0,1717059868397,130,0.0
1717059868,2325.1,2325.29,0.0,0,1717059868397,134,0.0
1717059868,2325.08,2325.26,0.0,0,1717059868761,134,0.0
1717059869,2325.07,2325.25,0.0,0,1717059869101,134,0.0
1717059870,2325.06,2325.25,0.0,0,1717059870040,130,0.0
1717059870,2325.08,2325.27,0.0,0,1717059870376,134,0.0
1717059870,2325.1,2325.28,0.0,0,1717059870531,134,0.0
1717059870,2325.15,2325.34,0.0,0,1717059870726,134,0.0
1717059870,2325.1,2325.29,0.0,0,1717059870743,134,0.0
1717059871,2325.12,2325.31,0.0,0,1717059871049,134,0.0
1717059871,2325.09,2325.26,0.0,0,1717059871066,134,0.0
1717059871,2325.17,2325.34,0.0,0,1717059871450,134,0.0
1717059872,2325.16,2325.33,0.0,0,1717059872180,134,0.0
1717059872,2325.13,2325.31,0.0,0,1717059872359,134,0.0
1717059872,2325.14,2325.32,0.0,0,1717059872407,134,0.0
1717059872,2325.16,2325.34,0.0,0,1717059872690,134,0.0
1717059873,2325.26,2325.43,0.0,0,1717059873027,134,0.0
1717059873,2325.25,2325.43,0.0,0,1717059873256,130,0.0
1717059873,2325.21,2325.39,0.0,0,1717059873353,134,0.0
1717059873,2325.14,2325.32,0.0,0,1717059873692,134,0.0
1717059873,2325.13,2325.31,0.0,0,1717059873855,134,0.0
1717059874,2325.14,2325.32,0.0,0,1717059874027,134,0.0
1717059874,2325.14,2325.33,0.0,0,1717059874093,4,0.0
1717059874,2325.04,2325.22,0.0,0,1717059874343,134,0.0
1717059874,2324.96,2325.15,0.0,0,1717059874389,134,0.0
1717059874,2324.99,2325.18,0.0,0,1717059874680,134,0.0
1717059874,2324.94,2325.13,0.0,0,1717059874711,134,0.0
1717059875,2324.93,2325.11,0.0,0,1717059875198,134,0.0
1717059875,2324.91,2325.09,0.0,0,1717059875330,134,0.0
1717059875,2324.8,2324.99,0.0,0,1717059875379,134,0.0
1717059875,2324.78,2324.97,0.0,0,1717059875682,134,0.0
1717059875,2324.77,2324.96,0.0,0,1717059875698,134,0.0
1717059876,2324.76,2324.95,0.0,0,1717059876011,134,0.0
1717059876,2324.77,2324.95,0.0,0,1717059876199,130,0.0
1717059877,2324.77,2324.96,0.0,0,1717059877101,4,0.0
1717059877,2324.85,2325.04,0.0,0,1717059877642,134,0.0
1717059877,2324.83,2325.01,0.0,0,1717059877721,134,0.0
1717059877,2324.83,2325.02,0.0,0,1717059877980,4,0.0
1717059878,2324.83,2325.01,0.0,0,1717059878012,4,0.0
1717059878,2324.82,2325.0,0.0,0,1717059878302,134,0.0
1717059878,2324.85,2325.04,0.0,0,1717059878333,134,0.0
1717059878,2324.94,2325.12,0.0,0,1717059878630,134,0.0
1717059878,2324.95,2325.14,0.0,0,1717059878642,134,0.0
1717059879,2324.9,2325.08,0.0,0,1717059879112,134,0.0
1717059879,2324.94,2325.13,0.0,0,1717059879301,134,0.0
1717059879,2324.93,2325.12,0.0,0,1717059879301,134,0.0
1717059879,2324.94,2325.13,0.0,0,1717059879613,134,0.0
1717059879,2324.88,2325.06,0.0,0,1717059879972,134,0.0
1717059880,2324.87,2325.05,0.0,0,1717059880085,134,0.0
1717059880,2324.89,2325.08,0.0,0,1717059880297,134,0.0
1717059880,2324.94,2325.13,0.0,0,1717059880302,134,0.0
1717059880,2324.95,2325.14,0.0,0,1717059880621,134,0.0
1717059880,2324.96,2325.14,0.0,0,1717059880944,130,0.0
1717059881,2324.95,2325.13,0.0,0,1717059881000,134,0.0
1717059881,2324.96,2325.14,0.0,0,1717059881281,134,0.0
1717059881,2324.97,2325.15,0.0,0,1717059881314,134,0.0
1717059881,2324.97,2325.16,0.0,0,1717059881679,4,0.0
1717059881,2324.97,2325.15,0.0,0,1717059881940,4,0.0
1717059881,2324.96,2325.14,0.0,0,1717059881958,134,0.0
1717059882,2324.94,2325.13,0.0,0,1717059882265,134,0.0
1717059882,2324.93,2325.12,0.0,0,1717059882296,134,0.0
1717059882,2324.92,2325.1,0.0,0,1717059882893,134,0.0
1717059882,2324.78,2324.96,0.0,0,1717059882977,134,0.0
1717059883,2324.76,2324.95,0.0,0,1717059883267,134,0.0
1717059883,2324.77,2324.96,0.0,0,1717059883444,134,0.0
1717059883,2324.67,2324.85,0.0,0,1717059883583,134,0.0
1717059883,2324.67,2324.86,0.0,0,1717059883646,4,0.0
1717059883,2324.66,2324.85,0.0,0,1717059883922,134,0.0
1717059884,2324.67,2324.86,0.0,0,1717059884052,134,0.0
1717059884,2324.56,2324.74,0.0,0,1717059884251,134,0.0
1717059884,2324.56,2324.75,0.0,0,1717059884269,4,0.0
1717059884,2324.54,2324.73,0.0,0,1717059884582,134,0.0
1717059884,2324.55,2324.74,0.0,0,1717059884844,134,0.0
1717059884,2324.55,2324.73,0.0,0,1717059884958,4,0.0
1717059885,2324.54,2324.72,0.0,0,1717059885660,134,0.0
1717059885,2324.45,2324.64,0.0,0,1717059885900,134,0.0
1717059886,2324.46,2324.65,0.0,0,1717059886550,134,0.0
1717059886,2324.44,2324.63,0.0,0,1717059886627,134,0.0
1717059886,2324.45,2324.63,0.0,0,1717059886882,130,0.0
1717059887,2324.46,2324.65,0.0,0,1717059887179,134,0.0
1717059887,2324.45,2324.64,0.0,0,1717059887707,134,0.0
1717059887,2324.46,2324.65,0.0,0,1717059887861,134,0.0
1717059888,2324.46,2324.64,0.0,0,1717059888205,4,0.0
1717059888,2324.47,2324.65,0.0,0,1717059888612,134,0.0
1717059889,2324.46,2324.64,0.0,0,1717059889228,134,0.0
1717059889,2324.45,2324.64,0.0,0,1717059889896,130,0.0
1717059890,2324.46,2324.65,0.0,0,1717059890564,134,0.0
1717059890,2324.46,2324.64,0.0,0,1717059890850,4,0.0
1717059890,2324.37,2324.56,0.0,0,1717059890865,134,0.0
1717059891,2324.37,2324.55,0.0,0,1717059891191,4,0.0
1717059891,2324.36,2324.55,0.0,0,1717059891222,130,0.0
1717059891,2324.37,2324.55,0.0,0,1717059891697,130,0.0
1717059891,2324.51,2324.69,0.0,0,1717059891849,134,0.0
1717059892,2324.52,2324.71,0.0,0,1717059892057,134,0.0
1717059892,2324.54,2324.72,0.0,0,1717059892164,134,0.0
1717059892,2324.53,2324.72,0.0,0,1717059892243,130,0.0
1717059892,2324.55,2324.73,0.0,0,1717059892479,134,0.0
1717059892,2324.55,2324.74,0.0,0,1717059892959,4,0.0
1717059893,2324.58,2324.77,0.0,0,1717059893192,134,0.0
1717059893,2324.6,2324.78,0.0,0,1717059893243,134,0.0
1717059893,2324.65,2324.83,0.0,0,1717059893692,134,0.0
1717059893,2324.67,2324.85,0.0,0,1717059893807,134,0.0
1717059894,2324.66,2324.85,0.0,0,1717059894162,130,0.0
1717059894,2324.64,2324.83,0.0,0,1717059894512,134,0.0
1717059894,2324.66,2324.85,0.0,0,1717059894592,134,0.0
1717059894,2324.67,2324.85,0.0,0,1717059894811,130,0.0
1717059895,2324.67,2324.86,0.0,0,1717059895341,4,0.0
1717059895,2324.66,2324.84,0.0,0,1717059895464,134,0.0
1717059895,2324.68,2324.86,0.0,0,1717059895527,134,0.0
1717059896,2324.68,2324.87,0.0,0,1717059896094,4,0.0
1717059896,2324.77,2324.96,0.0,0,1717059896234,134,0.0
1717059896,2324.92,2325.1,0.0,0,1717059896466,134,0.0
1717059896,2325.12,2325.3,0.0,0,1717059896534,134,0.0
1717059896,2325.13,2325.31,0.0,0,1717059896997,134,0.0
1717059897,2325.15,2325.36,0.0,0,1717059897183,134,0.0
1717059897,2325.18,2325.38,0.0,0,1717059897449,134,0.0
1717059897,2325.2,2325.4,0.0,0,1717059897495,134,0.0
1717059897,2325.15,2325.36,0.0,0,1717059897770,134,0.0
1717059897,2325.16,2325.36,0.0,0,1717059897818,130,0.0
1717059898,2325.14,2325.35,0.0,0,1717059898093,134,0.0
1717059898,2325.15,2325.35,0.0,0,1717059898832,130,0.0
1717059899,2325.14,2325.35,0.0,0,1717059899206,130,0.0
1717059899,2325.15,2325.35,0.0,0,1717059899692,130,0.0
1717059900,2325.14,2325.35,0.0,0,1717059900066,130,0.0
1717059900,2325.15,2325.35,0.0,0,1717059900264,130,0.0
1717059900,2325.16,2325.36,0.0,0,1717059900408,134,0.0
1717059900,2325.18,2325.38,0.0,0,1717059900681,134,0.0
1717059900,2325.23,2325.44,0.0,0,1717059900776,134,0.0
1717059901,2325.24,2325.44,0.0,0,1717059901068,130,0.0
1717059901,2325.25,2325.45,0.0,0,1717059901269,134,0.0
1717059901,2325.25,2325.46,0.0,0,1717059901467,4,0.0
1717059901,2325.25,2325.45,0.0,0,1717059901763,4,0.0
1717059902,2325.24,2325.45,0.0,0,1717059902175,130,0.0
1717059902,2325.21,2325.42,0.0,0,1717059902398,134,0.0
1717059902,2325.25,2325.45,0.0,0,1717059902480,134,0.0
1717059902,2325.26,2325.46,0.0,0,1717059902736,134,0.0
1717059902,2325.23,2325.43,0.0,0,1717059902826,134,0.0
1717059903,2325.22,2325.42,0.0,0,1717059903172,134,0.0
1717059903,2325.23,2325.43,0.0,0,1717059903379,134,0.0
1717059903,2325.22,2325.41,0.0,0,1717059903628,134,0.0
1717059903,2325.02,2325.22,0.0,0,1717059903732,134,0.0
1717059904,2325.01,2325.22,0.0,0,1717059904366,130,0.0
1717059904,2325.0,2325.21,0.0,0,1717059904575,134,0.0
1717059904,2324.94,2325.14,0.0,0,1717059904706,134,0.0
1717059904,2324.95,2325.16,0.0,0,1717059904781,134,0.0
1717059905,2325.03,2325.24,0.0,0,1717059905380,134,0.0
1717059905,2325.03,2325.23,0.0,0,1717059905452,4,0.0
1717059905,2324.99,2325.19,0.0,0,1717059905694,134,0.0
1717059905,2324.89,2325.1,0.0,0,1717059905755,134,0.0
1717059906,2324.85,2325.06,0.0,0,1717059906031,134,0.0
1717059906,2324.85,2325.05,0.0,0,1717059906926,4,0.0
1717059907,2324.85,2325.06,0.0,0,1717059907086,4,0.0
1717059907,2324.84,2325.05,0.0,0,1717059907398,134,0.0
1717059907,2324.83,2325.04,0.0,0,1717059907398,134,0.0
1717059907,2324.82,2325.02,0.0,0,1717059907684,134,0.0
1717059907,2324.72,2324.92,0.0,0,1717059907684,134,0.0
1717059908,2324.65,2324.86,0.0,0,1717059908022,134,0.0
1717059908,2324.67,2324.88,0.0,0,1717059908136,134,0.0
1717059908,2324.66,2324.87,0.0,0,1717059908344,134,0.0
1717059908,2324.68,2324.89,0.0,0,1717059908655,134,0.0
1717059909,2324.69,2324.89,0.0,0,1717059909139,130,0.0
1717059909,2324.69,2324.9,0.0,0,1717059909331,4,0.0
1717059910,2324.74,2324.95,0.0,0,1717059910337,134,0.0
1717059911,2324.73,2324.94,0.0,0,1717059911197,134,0.0
1717059911,2324.73,2324.93,0.0,0,1717059911301,4,0.0
1717059911,2324.7,2324.91,0.0,0,1717059911727,134,0.0
1717059912,2324.74,2324.94,0.0,0,1717059912084,134,0.0
1717059912,2324.86,2325.05,0.0,0,1717059912295,134,0.0
1717059912,2324.87,2325.07,0.0,0,1717059912612,134,0.0
1717059913,2324.89,2325.09,0.0,0,1717059913234,134,0.0
1717059914,2324.9,2325.09,0.0,0,1717059914145,130,0.0
1717059914,2324.95,2325.15,0.0,0,1717059914280,134,0.0
1717059916,2324.99,2325.19,0.0,0,1717059916270,134,0.0
1717059916,2325.02,2325.21,0.0,0,1717059916564,134,0.0
1717059916,2325.05,2325.25,0.0,0,1717059916676,134,0.0
1717059916,2325.13,2325.32,0.0,0,1717059916929,134,0.0
1717059916,2325.07,2325.26,0.0,0,1717059916971,134,0.0
1717059917,2325.13,2325.33,0.0,0,1717059917249,134,0.0
1717059917,2325.13,2325.32,0.0,0,1717059917261,4,0.0
1717059917,2325.13,2325.33,0.0,0,1717059917579,4,0.0
1717059917,2325.16,2325.35,0.0,0,1717059917664,134,0.0
1717059918,2325.16,2325.36,0.0,0,1717059918175,4,0.0
1717059918,2325.24,2325.44,0.0,0,1717059918272,134,0.0
1717059918,2325.25,2325.45,0.0,0,1717059918705,134,0.0
1717059919,2325.26,2325.45,0.0,0,1717059919228,130,0.0
1717059919,2325.24,2325.44,0.0,0,1717059919628,134,0.0
1717059919,2325.08,2325.27,0.0,0,1717059919896,134,0.0
1717059919,2325.08,2325.28,0.0,0,1717059919927,4,0.0
1717059920,2325.03,2325.23,0.0,0,1717059920226,134,0.0
1717059920,2325.04,2325.25,0.0,0,1717059920246,134,0.0
1717059920,2325.12,2325.32,0.0,0,1717059920560,134,0.0
1717059920,2325.14,2325.34,0.0,0,1717059920590,134,0.0
1717059920,2325.13,2325.34,0.0,0,1717059920881,130,0.0
1717059921,2325.14,2325.35,0.0,0,1717059921043,134,0.0
1717059921,2325.14,2325.34,0.0,0,1717059921216,4,0.0
1717059921,2325.14,2325.35,0.0,0,1717059921462,4,0.0
1717059921,2325.15,2325.35,0.0,0,1717059921559,130,0.0
1717059922,2325.15,2325.36,0.0,0,1717059922496,4,0.0
1717059922,2325.17,2325.37,0.0,0,1717059922724,134,0.0
1717059922,2325.22,2325.42,0.0,0,1717059922864,134,0.0
1717059923,2325.23,2325.44,0.0,0,1717059923059,134,0.0
1717059923,2325.24,2325.44,0.0,0,1717059923243,130,0.0
1717059923,2325.23,2325.43,0.0,0,1717059923665,134,0.0
1717059923,2325.24,2325.45,0.0,0,1717059923850,134,0.0
1717059924,2325.25,2325.45,0.0,0,1717059924008,130,0.0
1717059924,2325.27,2325.47,0.0,0,1717059924226,134,0.0
1717059924,2325.33,2325.52,0.0,0,1717059924527,134,0.0
1717059924,2325.34,2325.53,0.0,0,1717059924527,134,0.0
1717059925,2325.37,2325.57,0.0,0,1717059925233,134,0.0
1717059925,2325.43,2325.62,0.0,0,1717059925499,134,0.0
1717059925,2325.43,2325.63,0.0,0,1717059925695,4,0.0
1717059926,2325.44,2325.64,0.0,0,1717059926197,134,0.0
1717059926,2325.45,2325.65,0.0,0,1717059926488,134,0.0
1717059926,2325.45,2325.64,0.0,0,1717059926909,4,0.0
1717059927,2325.37,2325.57,0.0,0,1717059927150,134,0.0
1717059927,2325.36,2325.56,0.0,0,1717059927478,134,0.0
1717059927,2325.35,2325.55,0.0,0,1717059927561,134,0.0
1717059927,2325.36,2325.56,0.0,0,1717059927817,134,0.0
1717059928,2325.4,2325.59,0.0,0,1717059928150,134,0.0
1717059928,2325.4,2325.6,0.0,0,1717059928167,4,0.0
1717059928,2325.36,2325.55,0.0,0,1717059928696,134,0.0
1717059928,2325.35,2325.55,0.0,0,1717059928916,130,0.0
1717059929,2325.35,2325.54,0.0,0,1717059929743,4,0.0
1717059929,2325.34,2325.53,0.0,0,1717059929823,134,0.0
1717059930,2325.36,2325.55,0.0,0,1717059930113,134,0.0
1717059930,2325.35,2325.55,0.0,0,1717059930148,130,0.0
1717059930,2325.36,2325.55,0.0,0,1717059930680,130,0.0
1717059930,2325.35,2325.55,0.0,0,1717059930791,130,0.0
1717059931,2325.35,2325.54,0.0,0,1717059931179,4,0.0
1717059931,2325.35,2325.55,0.0,0,1717059931526,4,0.0
1717059931,2325.33,2325.52,0.0,0,1717059931777,134,0.0
1717059931,2325.32,2325.51,0.0,0,1717059931842,134,0.0
1717059932,2325.31,2325.51,0.0,0,1717059932164,130,0.0
1717059932,2325.35,2325.55,0.0,0,1717059932449,134,0.0
1717059932,2325.35,2325.54,0.0,0,1717059932593,4,0.0
1717059932,2325.35,2325.55,0.0,0,1717059932800,4,0.0
1717059933,2325.34,2325.53,0.0,0,1717059933096,134,0.0
1717059933,2325.33,2325.52,0.0,0,1717059933253,134,0.0
1717059933,2325.36,2325.55,0.0,0,1717059933414,134,0.0
1717059933,2325.35,2325.55,0.0,0,1717059933770,130,0.0
1717059934,2325.3,2325.49,0.0,0,1717059934081,134,0.0
1717059934,2325.26,2325.46,0.0,0,1717059934111,134,0.0
1717059934,2325.26,2325.45,0.0,0,1717059934392,4,0.0
1717059934,2325.27,2325.46,0.0,0,1717059934762,134,0.0
1717059935,2325.26,2325.46,0.0,0,1717059935062,130,0.0
1717059935,2325.29,2325.47,0.0,0,1717059935152,134,0.0
1717059935,2325.35,2325.54,0.0,0,1717059935391,134,0.0
1717059935,2325.37,2325.55,0.0,0,1717059935687,134,0.0
1717059935,2325.38,2325.57,0.0,0,1717059935813,134,0.0
1717059936,2325.44,2325.62,0.0,0,1717059936097,134,0.0
1717059936,2325.44,2325.64,0.0,0,1717059936187,4,0.0
1717059936,2325.54,2325.74,0.0,0,1717059936381,134,0.0
1717059936,2325.53,2325.73,0.0,0,1717059936399,134,0.0
1717059936,2325.54,2325.74,0.0,0,1717059936707,134,0.0
1717059937,2325.55,2325.75,0.0,0,1717059937264,134,0.0
1717059939,2325.54,2325.74,0.0,0,1717059939014,134,0.0
1717059939,2325.53,2325.72,0.0,0,1717059939108,134,0.0
1717059939,2325.56,2325.75,0.0,0,1717059939348,134,0.0
1717059939,2325.55,2325.75,0.0,0,1717059939529,130,0.0
1717059939,2325.55,2325.74,0.0,0,1717059939677,4,0.0
1717059939,2325.56,2325.75,0.0,0,1717059939864,134,0.0
1717059940,2325.55,2325.75,0.0,0,1717059940019,130,0.0
1717059940,2325.56,2325.75,0.0,0,1717059940067,130,0.0
1717059940,2325.6,2325.78,0.0,0,1717059940519,134,0.0
1717059941,2325.61,2325.79,0.0,0,1717059941121,134,0.0
1717059941,2325.54,2325.73,0.0,0,1717059941348,134,0.0
1717059941,2325.54,2325.72,0.0,0,1717059941841,4,0.0
1717059942,2325.56,2325.74,0.0,0,1717059942013,134,0.0
1717059942,2325.54,2325.73,0.0,0,1717059942045,134,0.0
1717059942,2325.54,2325.72,0.0,0,1717059942315,4,0.0
1717059942,2325.53,2325.71,0.0,0,1717059942333,134,0.0
1717059942,2325.52,2325.71,0.0,0,1717059942661,130,0.0
1717059943,2325.51,2325.7,0.0,0,1717059943764,134,0.0
1717059943,2325.37,2325.55,0.0,0,1717059943974,134,0.0
1717059944,2325.31,2325.5,0.0,0,1717059944301,134,0.0
1717059944,2325.33,2325.52,0.0,0,1717059944395,134,0.0
1717059944,2325.42,2325.61,0.0,0,1717059944643,134,0.0
1717059944,2325.43,2325.62,0.0,0,1717059944690,134,0.0
1717059945,2325.45,2325.63,0.0,0,1717059945238,134,0.0
1717059945,2325.46,2325.64,0.0,0,1717059945364,134,0.0
1717059945,2325.49,2325.67,0.0,0,1717059945841,134,0.0
1717059946,2325.5,2325.69,0.0,0,1717059946691,134,0.0
1717059946,2325.37,2325.56,0.0,0,1717059946940,134,0.0
1717059947,2325.37,2325.55,0.0,0,1717059947095,4,0.0
1717059947,2325.38,2325.56,0.0,0,1717059947279,134,0.0
1717059947,2325.36,2325.55,0.0,0,1717059947327,134,0.0
1717059947,2325.37,2325.56,0.0,0,1717059947941,134,0.0
1717059948,2325.53,2325.72,0.0,0,1717059948255,134,0.0
1717059948,2325.53,2325.71,0.0,0,1717059948364,4,0.0
1717059948,2325.47,2325.66,0.0,0,1717059948614,134,0.0
1717059949,2325.45,2325.63,0.0,0,1717059949191,134,0.0
1717059949,2325.44,2325.63,0.0,0,1717059949692,130,0.0
1717059950,2325.42,2325.6,0.0,0,1717059950596,134,0.0
1717059950,2325.45,2325.64,0.0,0,1717059950912,134,0.0
1717059951,2325.46,2325.65,0.0,0,1717059951239,134,0.0
1717059951,2325.49,2325.68,0.0,0,1717059951911,134,0.0
1717059952,2325.34,2325.52,0.0,0,1717059952226,134,0.0
1717059952,2325.35,2325.54,0.0,0,1717059952292,134,0.0
1717059952,2325.35,2325.53,0.0,0,1717059952566,4,0.0
1717059952,2325.36,2325.55,0.0,0,1717059952629,134,0.0
1717059953,2325.35,2325.54,0.0,0,1717059953726,134,0.0
1717059954,2325.35,2325.53,0.0,0,1717059954009,4,0.0
1717059954,2325.33,2325.52,0.0,0,1717059954211,134,0.0
1717059954,2325.31,2325.5,0.0,0,1717059954499,134,0.0
1717059954,2325.26,2325.45,0.0,0,1717059954599,134,0.0
1717059955,2325.36,2325.54,0.0,0,1717059955262,134,0.0
1717059955,2325.38,2325.57,0.0,0,1717059955648,134,0.0
1717059955,2325.43,2325.61,0.0,0,1717059955861,134,0.0
1717059955,2325.44,2325.62,0.0,0,1717059955876,134,0.0
1717059956,2325.45,2325.63,0.0,0,1717059956231,134,0.0
1717059956,2325.46,2325.64,0.0,0,1717059956520,134,0.0
1717059956,2325.48,2325.67,0.0,0,1717059956555,134,0.0
1717059956,2325.54,2325.72,0.0,0,1717059956865,134,0.0
1717059957,2325.5,2325.69,0.0,0,1717059957148,134,0.0
1717059957,2325.48,2325.66,0.0,0,1717059957244,134,0.0
1717059957,2325.52,2325.71,0.0,0,1717059957510,134,0.0
1717059957,2325.53,2325.72,0.0,0,1717059957717,134,0.0
1717059957,2325.54,2325.72,0.0,0,1717059957832,130,0.0
1717059957,2325.53,2325.72,0.0,0,1717059957949,130,0.0
1717059958,2325.54,2325.72,0.0,0,1717059958211,130,0.0
1717059958,2325.5,2325.69,0.0,0,1717059958505,134,0.0
1717059958,2325.46,2325.64,0.0,0,1717059958824,134,0.0
1717059959,2325.46,2325.65,0.0,0,1717059959170,4,0.0
1717059959,2325.47,2325.65,0.0,0,1717059959493,130,0.0
1717059959,2325.48,2325.67,0.0,0,1717059959558,134,0.0
1717059959,2325.49,2325.68,0.0,0,1717059959822,134,0.0
1717059959,2325.5,2325.68,0.0,0,1717059959882,130,0.0
1717059960,2325.56,2325.75,0.0,0,1717059960210,134,0.0
1717059960,2325.72,2325.9,0.0,0,1717059960525,134,0.0
1717059960,2325.72,2325.91,0.0,0,1717059960525,4,0.0
1717059960,2325.73,2325.91,0.0,0,1717059960806,130,0.0
1717059960,2325.72,2325.91,0.0,0,1717059960907,130,0.0
1717059961,2325.73,2325.91,0.0,0,1717059961148,130,0.0
1717059961,2325.71,2325.9,0.0,0,1717059961195,134,0.0
1717059961,2325.7,2325.89,0.0,0,1717059961527,134,0.0
1717059961,2325.71,2325.89,0.0,0,1717059961696,130,0.0
1717059961,2325.75,2325.94,0.0,0,1717059961809,134,0.0
1717059962,2325.76,2325.94,0.0,0,1717059962184,130,0.0
1717059962,2325.78,2325.96,0.0,0,1717059962468,134,0.0
1717059962,2325.79,2325.97,0.0,0,1717059962649,134,0.0
1717059962,2325.79,2325.98,0.0,0,1717059962779,4,0.0
1717059962,2325.8,2325.98,0.0,0,1717059962832,130,0.0
1717059963,2325.8,2325.99,0.0,0,1717059963109,4,0.0
1717059963,2325.86,2326.04,0.0,0,1717059963182,134,0.0
1717059963,2325.86,2326.05,0.0,0,1717059963448,4,0.0
1717059963,2325.89,2326.07,0.0,0,1717059963495,134,0.0
1717059963,2325.93,2326.12,0.0,0,1717059963792,134,0.0
1717059963,2325.95,2326.13,0.0,0,1717059963824,134,0.0
1717059964,2325.95,2326.14,0.0,0,1717059964092,4,0.0
1717059964,2325.94,2326.12,0.0,0,1717059964199,134,0.0
1717059964,2325.96,2326.15,0.0,0,1717059964451,134,0.0
1717059964,2325.97,2326.16,0.0,0,1717059964528,134,0.0
1717059964,2325.98,2326.16,0.0,0,1717059964765,130,0.0
1717059964,2326.03,2326.22,0.0,0,1717059964780,134,0.0
1717059965,2326.01,2326.19,0.0,0,1717059965432,134,0.0
1717059965,2326.05,2326.24,0.0,0,1717059965662,134,0.0
1717059966,2326.04,2326.23,0.0,0,1717059966090,134,0.0
1717059966,2326.04,2326.22,0.0,0,1717059966175,4,0.0
1717059966,2326.03,2326.22,0.0,0,1717059966409,130,0.0
1717059966,2326.02,2326.2,0.0,0,1717059966475,134,0.0
1717059966,2325.96,2326.15,0.0,0,1717059966764,134,0.0
1717059966,2325.95,2326.14,0.0,0,1717059966800,134,0.0
1717059967,2325.95,2326.13,0.0,0,1717059967993,4,0.0
1717059968,2325.87,2326.05,0.0,0,1717059968392,134,0.0
1717059968,2325.85,2326.04,0.0,0,1717059968732,134,0.0
1717059969,2325.83,2326.02,0.0,0,1717059969059,134,0.0
1717059969,2325.83,2326.01,0.0,0,1717059969074,4,0.0
1717059969,2325.81,2325.99,0.0,0,1717059969379,134,0.0
1717059969,2325.8,2325.99,0.0,0,1717059969464,130,0.0
1717059969,2325.8,2325.98,0.0,0,1717059969716,4,0.0
1717059969,2325.74,2325.93,0.0,0,1717059969716,134,0.0
1717059970,2325.77,2325.95,0.0,0,1717059970061,134,0.0
1717059970,2325.76,2325.94,0.0,0,1717059970130,134,0.0
1717059970,2325.84,2326.02,0.0,0,1717059970366,134,0.0
1717059970,2325.84,2326.03,0.0,0,1717059970499,4,0.0
1717059970,2325.85,2326.04,0.0,0,1717059970690,134,0.0
1717059970,2325.84,2326.03,0.0,0,1717059970795,134,0.0
1717059971,2325.86,2326.03,0.0,0,1717059971250,130,0.0
1717059971,2325.87,2326.05,0.0,0,1717059971485,134,0.0
1717059971,2325.92,2326.1,0.0,0,1717059971695,134,0.0
1717059971,2325.94,2326.11,0.0,0,1717059971776,134,0.0
1717059972,2325.94,2326.12,0.0,0,1717059972018,4,0.0
1717059973,2325.95,2326.12,0.0,0,1717059973214,130,0.0
1717059973,2325.93,2326.11,0.0,0,1717059973509,134,0.0
1717059973,2325.88,2326.05,0.0,0,1717059973667,134,0.0
1717059974,2325.89,2326.06,0.0,0,1717059974173,134,0.0
1717059974,2325.9,2326.07,0.0,0,1717059974447,134,0.0
1717059974,2325.91,2326.08,0.0,0,1717059974973,134,0.0
1717059975,2325.86,2326.03,0.0,0,1717059975080,134,0.0
1717059976,2325.82,2326.0,0.0,0,1717059976692,134,0.0
1717059976,2325.78,2325.95,0.0,0,1717059976975,134,0.0
1717059977,2325.76,2325.94,0.0,0,1717059977250,134,0.0
1717059977,2325.76,2325.93,0.0,0,1717059977773,4,0.0
1717059978,2325.75,2325.93,0.0,0,1717059978006,130,0.0
1717059978,2325.74,2325.92,0.0,0,1717059978006,134,0.0
1717059978,2325.84,2326.02,0.0,0,1717059978291,134,0.0
1717059978,2325.85,2326.02,0.0,0,1717059978427,130,0.0
1717059978,2325.84,2326.01,0.0,0,1717059978626,134,0.0
1717059978,2325.85,2326.03,0.0,0,1717059978896,134,0.0
1717059980,2325.84,2326.02,0.0,0,1717059980151,134,0.0
1717059980,2325.83,2326.0,0.0,0,1717059980296,134,0.0
1717059980,2325.94,2326.11,0.0,0,1717059980654,134,0.0
1717059980,2325.95,2326.12,0.0,0,1717059980716,134,0.0
1717059980,2325.94,2326.12,0.0,0,1717059980932,130,0.0
1717059981,2326.01,2326.18,0.0,0,1717059981270,134,0.0
1717059981,2326.0,2326.17,0.0,0,1717059981288,134,0.0
1717059981,2326.01,2326.19,0.0,0,1717059981881,134,0.0
1717059982,2326.0,2326.17,0.0,0,1717059982164,134,0.0
1717059982,2325.95,2326.13,0.0,0,1717059982262,134,0.0
1717059982,2325.96,2326.13,0.0,0,1717059982780,130,0.0
1717059983,2325.99,2326.16,0.0,0,1717059983193,134,0.0
1717059983,2326.05,2326.23,0.0,0,1717059983289,134,0.0
1717059984,2326.06,2326.24,0.0,0,1717059984911,134,0.0
1717059985,2326.05,2326.23,0.0,0,1717059985292,134,0.0
1717059985,2326.04,2326.21,0.0,0,1717059985558,134,0.0
1717059985,2326.02,2326.2,0.0,0,1717059985570,134,0.0
1717059985,2326.01,2326.19,0.0,0,1717059985912,134,0.0
1717059985,2326.05,2326.23,0.0,0,1717059985944,134,0.0
1717059986,2326.12,2326.29,0.0,0,1717059986571,134,0.0
1717059986,2326.19,2326.36,0.0,0,1717059986878,134,0.0
1717059987,2326.19,2326.37,0.0,0,1717059987245,4,0.0
1717059987,2326.2,2326.38,0.0,0,1717059987532,134,0.0
1717059987,2326.25,2326.43,0.0,0,1717059987723,134,0.0
1717059988,2326.23,2326.41,0.0,0,1717059988244,134,0.0
1717059988,2326.22,2326.4,0.0,0,1717059988529,134,0.0
1717059988,2326.26,2326.43,0.0,0,1717059988680,134,0.0
1717059988,2326.25,2326.43,0.0,0,1717059988984,130,0.0
1717059989,2326.23,2326.4,0.0,0,1717059989522,134,0.0
1717059989,2326.17,2326.34,0.0,0,1717059989861,134,0.0
1717059989,2326.16,2326.33,0.0,0,1717059989861,134,0.0
1717059990,2326.17,2326.34,0.0,0,1717059990179,134,0.0
1717059990,2326.25,2326.42,0.0,0,1717059990261,134,0.0
1717059991,2326.27,2326.43,0.0,0,1717059991445,134,0.0
1717059991,2326.36,2326.53,0.0,0,1717059991540,134,0.0
1717059991,2326.32,2326.49,0.0,0,1717059991830,134,0.0
1717059991,2326.31,2326.48,0.0,0,1717059991977,134,0.0
1717059992,2326.31,2326.47,0.0,0,1717059992181,4,0.0
1717059992,2326.3,2326.47,0.0,0,1717059992496,130,0.0
1717059992,2326.36,2326.53,0.0,0,1717059992533,134,0.0
1717059993,2326.37,2326.53,0.0,0,1717059993199,130,0.0
1717059993,2326.36,2326.53,0.0,0,1717059993479,130,0.0
1717059993,2326.37,2326.53,0.0,0,1717059993495,130,0.0
1717059993,2326.46,2326.63,0.0,0,1717059993815,134,0.0
1717059994,2326.45,2326.62,0.0,0,1717059994045,134,0.0
1717059994,2326.46,2326.63,0.0,0,1717059994318,134,0.0
1717059994,2326.46,2326.62,0.0,0,1717059994526,4,0.0
1717059994,2326.46,2326.63,0.0,0,1717059994885,4,0.0
1717059995,2326.47,2326.64,0.0,0,1717059995124,134,0.0
1717059995,2326.48,2326.64,0.0,0,1717059995182,130,0.0
1717059995,2326.49,2326.65,0.0,0,1717059995464,134,0.0
1717059996,2326.5,2326.67,0.0,0,1717059996289,134,0.0
1717059997,2326.47,2326.63,0.0,0,1717059997326,134,0.0
1717059997,2326.45,2326.62,0.0,0,1717059997448,134,0.0
1717059997,2326.46,2326.63,0.0,0,1717059997766,134,0.0
1717059997,2326.47,2326.64,0.0,0,1717059997784,134,0.0
1717059998,2326.37,2326.54,0.0,0,1717059998075,134,0.0
1717059998,2326.35,2326.52,0.0,0,1717059998496,134,0.0
1717059998,2326.28,2326.45,0.0,0,1717059998763,134,0.0
1717059999,2326.27,2326.43,0.0,0,1717059999000,134,0.0
1717059999,2326.24,2326.41,0.0,0,1717059999094,134,0.0
1717059999,2326.14,2326.31,0.0,0,1717059999410,134,0.0
1717059999,2326.08,2326.24,0.0,0,1717059999481,134,0.0
1717059999,2326.14,2326.31,0.0,0,1717059999749,134,0.0
1717059999,2326.15,2326.31,0.0,0,1717059999795,130,0.0
1717060000,2326.09,2326.25,0.0,0,1717060000094,134,0.0
1717060000,2326.03,2326.2,0.0,0,1717060000158,134,0.0
1717060000,2326.12,2326.3,0.0,0,1717060000397,134,0.0
1717060000,2326.11,2326.29,0.0,0,1717060000657,134,0.0
1717060000,2326.04,2326.22,0.0,0,1717060000795,134,0.0
1717060001,2325.95,2326.13,0.0,0,1717060001078,134,0.0
1717060001,2325.87,2326.05,0.0,0,1717060001078,134,0.0
1717060001,2325.86,2326.04,0.0,0,1717060001402,134,0.0
1717060001,2325.85,2326.03,0.0,0,1717060001470,134,0.0
1717060001,2325.78,2325.95,0.0,0,1717060001728,134,0.0
1717060001,2325.76,2325.94,0.0,0,1717060001777,134,0.0
1717060002,2325.76,2325.93,0.0,0,1717060002051,4,0.0
1717060002,2325.71,2325.9,0.0,0,1717060002199,134,0.0
1717060002,2325.75,2325.93,0.0,0,1717060002380,134,0.0
1717060002,2325.73,2325.92,0.0,0,1717060002392,134,0.0
1717060002,2325.75,2325.94,0.0,0,1717060002766,134,0.0
1717060002,2325.76,2325.94,0.0,0,1717060002812,130,0.0
1717060003,2325.8,2325.99,0.0,0,1717060003054,134,0.0
1717060003,2325.86,2326.05,0.0,0,1717060003674,134,0.0
1717060003,2325.89,2326.07,0.0,0,1717060003779,134,0.0
1717060004,2325.88,2326.07,0.0,0,1717060004045,130,0.0
1717060004,2325.85,2326.04,0.0,0,1717060004628,134,0.0
1717060005,2325.84,2326.03,0.0,0,1717060005033,134,0.0
1717060005,2325.85,2326.03,0.0,0,1717060005675,130,0.0
1717060006,2325.86,2326.03,0.0,0,1717060006692,130,0.0
1717060007,2325.84,2326.02,0.0,0,1717060007194,134,0.0
1717060007,2325.86,2326.04,0.0,0,1717060007368,134,0.0
1717060008,2325.87,2326.04,0.0,0,1717060008674,130,0.0
1717060009,2325.87,2326.05,0.0,0,1717060009163,4,0.0
1717060009,2325.9,2326.07,0.0,0,1717060009333,134,0.0
1717060009,2325.87,2326.05,0.0,0,1717060009691,134,0.0
1717060010,2325.95,2326.12,0.0,0,1717060010308,134,0.0
1717060010,2325.95,2326.13,0.0,0,1717060010432,4,0.0
1717060010,2325.95,2326.12,0.0,0,1717060010631,4,0.0
1717060010,2325.89,2326.07,0.0,0,1717060010646,134,0.0
1717060010,2325.94,2326.12,0.0,0,1717060010944,134,0.0
1717060011,2325.96,2326.13,0.0,0,1717060011847,134,0.0
1717060011,2325.95,2326.12,0.0,0,1717060011943,134,0.0
1717060012,2325.95,2326.13,0.0,0,1717060012572,4,0.0
1717060012,2325.96,2326.13,0.0,0,1717060012959,130,0.0
1717060013,2325.89,2326.06,0.0,0,1717060013269,134,0.0
1717060014,2325.88,2326.06,0.0,0,1717060014175,130,0.0
1717060014,2325.77,2325.94,0.0,0,1717060014264,134,0.0
1717060014,2325.76,2325.94,0.0,0,1717060014380,130,0.0
1717060014,2325.75,2325.92,0.0,0,1717060014605,134,0.0
1717060014,2325.76,2325.94,0.0,0,1717060014712,134,0.0
1717060015,2325.77,2325.95,0.0,0,1717060015195,134,0.0
1717060015,2325.85,2326.03,0.0,0,1717060015291,134,0.0
1717060015,2325.83,2326.0,0.0,0,1717060015588,134,0.0
1717060015,2325.82,2326.0,0.0,0,1717060015648,130,0.0
1717060015,2325.79,2325.96,0.0,0,1717060015946,134,0.0
1717060015,2325.78,2325.95,0.0,0,1717060015992,134,0.0
1717060016,2325.77,2325.94,0.0,0,1717060016246,134,0.0
1717060016,2325.78,2325.95,0.0,0,1717060016399,134,0.0
1717060016,2325.79,2325.96,0.0,0,1717060016574,134,0.0
1717060016,2325.8,2325.97,0.0,0,1717060016680,134,0.0
1717060016,2325.86,2326.03,0.0,0,1717060016915,134,0.0
1717060017,2325.86,2326.04,0.0,0,1717060017164,4,0.0
1717060018,2325.87,2326.04,0.0,0,1717060018024,130,0.0
1717060018,2325.89,2326.07,0.0,0,1717060018235,134,0.0
1717060018,2325.9,2326.07,0.0,0,1717060018349,130,0.0
1717060018,2325.89,2326.07,0.0,0,1717060018556,130,0.0
1717060018,2325.86,2326.04,0.0,0,1717060018712,134,0.0
1717060019,2325.83,2326.01,0.0,0,1717060019680,134,0.0
1717060019,2325.8,2325.98,0.0,0,1717060019914,134,0.0
1717060019,2325.79,2325.97,0.0,0,1717060019946,134,0.0
1717060020,2325.78,2325.95,0.0,0,1717060020210,134,0.0
1717060020,2325.86,2326.03,0.0,0,1717060020232,134,0.0
1717060020,2325.86,2326.04,0.0,0,1717060020759,4,0.0
1717060020,2325.96,2326.13,0.0,0,1717060020870,134,0.0
1717060021,2325.98,2326.15,0.0,0,1717060021210,134,0.0
1717060021,2326.06,2326.23,0.0,0,1717060021231,134,0.0
1717060021,2326.07,2326.25,0.0,0,1717060021680,134,0.0
1717060021,2326.15,2326.33,0.0,0,1717060021874,134,0.0
1717060022,2326.16,2326.33,0.0,0,1717060022164,130,0.0
1717060022,2326.25,2326.43,0.0,0,1717060022244,134,0.0
1717060022,2326.22,2326.39,0.0,0,1717060022567,134,0.0
1717060022,2326.2,2326.38,0.0,0,1717060022838,134,0.0
1717060023,2326.18,2326.36,0.0,0,1717060023026,134,0.0
1717060023,2326.19,2326.37,0.0,0,1717060023181,134,0.0
1717060023,2326.25,2326.43,0.0,0,1717060023260,134,0.0
1717060024,2326.33,2326.52,0.0,0,1717060024093,134,0.0
1717060024,2326.45,2326.63,0.0,0,1717060024213,134,0.0
1717060024,2326.43,2326.62,0.0,0,1717060024668,134,0.0
1717060024,2326.43,2326.61,0.0,0,1717060024827,4,0.0
1717060024,2326.45,2326.63,0.0,0,1717060024857,134,0.0
1717060025,2326.43,2326.62,0.0,0,1717060025169,134,0.0
1717060025,2326.43,2326.61,0.0,0,1717060025170,4,0.0
1717060025,2326.42,2326.61,0.0,0,1717060025495,130,0.0
1717060025,2326.41,2326.59,0.0,0,1717060025688,134,0.0
1717060026,2326.4,2326.59,0.0,0,1717060026201,130,0.0
1717060026,2326.43,2326.62,0.0,0,1717060026767,134,0.0
1717060027,2326.42,2326.61,0.0,0,1717060027141,134,0.0
1717060027,2326.45,2326.63,0.0,0,1717060027464,134,0.0
1717060027,2326.38,2326.56,0.0,0,1717060027494,134,0.0
1717060027,2326.45,2326.64,0.0,0,1717060027785,134,0.0
1717060028,2326.46,2326.65,0.0,0,1717060028191,134,0.0
1717060028,2326.47,2326.65,0.0,0,1717060028471,130,0.0
1717060028,2326.48,2326.66,0.0,0,1717060028471,134,0.0
1717060028,2326.57,2326.76,0.0,0,1717060028787,134,0.0
1717060028,2326.58,2326.76,0.0,0,1717060028817,130,0.0
1717060029,2326.54,2326.73,0.0,0,1717060029110,134,0.0
1717060029,2326.55,2326.73,0.0,0,1717060029677,130,0.0
1717060029,2326.59,2326.76,0.0,0,1717060029788,134,0.0
1717060029,2326.58,2326.75,0.0,0,1717060029871,134,0.0
1717060030,2326.59,2326.77,0.0,0,1717060030178,134,0.0
1717060030,2326.6,2326.78,0.0,0,1717060030449,134,0.0
1717060030,2326.61,2326.78,0.0,0,1717060030889,130,0.0
1717060032,2326.57,2326.75,0.0,0,1717060032559,134,0.0
1717060032,2326.56,2326.74,0.0,0,1717060032795,134,0.0
1717060033,2326.55,2326.72,0.0,0,1717060033414,134,0.0
1717060033,2326.5,2326.68,0.0,0,1717060033432,134,0.0
1717060033,2326.48,2326.66,0.0,0,1717060033794,134,0.0
1717060034,2326.46,2326.64,0.0,0,1717060034080,134,0.0
1717060034,2326.47,2326.65,0.0,0,1717060034145,134,0.0
1717060034,2326.46,2326.64,0.0,0,1717060034396,134,0.0
1717060034,2326.47,2326.65,0.0,0,1717060034453,134,0.0
1717060034,2326.47,2326.64,0.0,0,1717060034740,4,0.0
1717060034,2326.46,2326.64,0.0,0,1717060034916,130,0.0
1717060036,2326.46,2326.63,0.0,0,1717060036871,4,0.0
1717060037,2326.47,2326.64,0.0,0,1717060037328,134,0.0
1717060037,2326.46,2326.63,0.0,0,1717060037536,134,0.0
1717060037,2326.47,2326.64,0.0,0,1717060037694,134,0.0
1717060037,2326.55,2326.73,0.0,0,1717060037760,134,0.0
1717060038,2326.57,2326.74,0.0,0,1717060038192,134,0.0
1717060038,2326.56,2326.73,0.0,0,1717060038364,134,0.0
1717060038,2326.57,2326.74,0.0,0,1717060038411,134,0.0
1717060038,2326.56,2326.73,0.0,0,1717060038690,134,0.0
1717060039,2326.5,2326.68,0.0,0,1717060039033,134,0.0
1717060039,2326.51,2326.68,0.0,0,1717060039961,130,0.0
1717060040,2326.51,2326.69,0.0,0,1717060040584,4,0.0
1717060040,2326.56,2326.74,0.0,0,1717060040707,134,0.0
1717060040,2326.57,2326.75,0.0,0,1717060040992,134,0.0
1717060041,2326.57,2326.74,0.0,0,1717060041229,4,0.0
1717060041,2326.59,2326.76,0.0,0,1717060041349,134,0.0
1717060041,2326.59,2326.77,0.0,0,1717060041662,4,0.0
1717060042,2326.61,2326.79,0.0,0,1717060042244,134,0.0
1717060042,2326.69,2326.87,0.0,0,1717060042340,134,0.0
1717060042,2326.71,2326.88,0.0,0,1717060042895,134,0.0
1717060043,2326.71,2326.89,0.0,0,1717060043106,4,0.0
1717060043,2326.66,2326.84,0.0,0,1717060043350,134,0.0
1717060043,2326.66,2326.83,0.0,0,1717060043910,4,0.0
1717060044,2326.65,2326.81,0.0,0,1717060044295,134,0.0
1717060044,2326.66,2326.82,0.0,0,1717060044649,134,0.0
1717060045,2326.67,2326.84,0.0,0,1717060045279,134,0.0
1717060045,2326.67,2326.83,0.0,0,1717060045997,4,0.0
1717060047,2326.66,2326.83,0.0,0,1717060047180,130,0.0
1717060047,2326.59,2326.76,0.0,0,1717060047275,134,0.0
1717060047,2326.59,2326.75,0.0,0,1717060047593,4,0.0
1717060047,2326.59,2326.76,0.0,0,1717060047609,4,0.0
1717060047,2326.6,2326.77,0.0,0,1717060047934,134,0.0
1717060048,2326.61,2326.78,0.0,0,1717060048261,134,0.0
1717060048,2326.66,2326.83,0.0,0,1717060048580,134,0.0
1717060049,2326.67,2326.84,0.0,0,1717060049339,134,0.0
1717060049,2326.69,2326.85,0.0,0,1717060049562,134,0.0
1717060049,2326.67,2326.83,0.0,0,1717060049640,134,0.0
1717060050,2326.65,2326.82,0.0,0,1717060050373,134,0.0
1717060051,2326.66,2326.82,0.0,0,1717060051231,130,0.0
1717060055,2326.64,2326.79,0.0,0,1717060055292,134,0.0
1717060055,2326.55,2326.71,0.0,0,1717060055527,134,0.0
1717060055,2326.52,2326.68,0.0,0,1717060055635,134,0.0
1717060055,2326.5,2326.66,0.0,0,1717060055862,134,0.0
1717060055,2326.5,2326.65,0.0,0,1717060055934,4,0.0
1717060056,2326.46,2326.63,0.0,0,1717060056227,134,0.0
1717060056,2326.46,2326.62,0.0,0,1717060056227,4,0.0
1717060056,2326.45,2326.62,0.0,0,1717060056502,130,0.0
1717060056,2326.42,2326.58,0.0,0,1717060056693,134,0.0
1717060057,2326.41,2326.58,0.0,0,1717060057325,130,0.0
1717060057,2326.45,2326.61,0.0,0,1717060057543,134,0.0
1717060058,2326.42,2326.58,0.0,0,1717060058243,134,0.0
1717060058,2326.41,2326.58,0.0,0,1717060058620,130,0.0
1717060059,2326.46,2326.62,0.0,0,1717060059233,134,0.0
1717060059,2326.45,2326.61,0.0,0,1717060059495,134,0.0
1717060059,2326.44,2326.6,0.0,0,1717060059610,134,0.0
1717060059,2326.46,2326.63,0.0,0,1717060059809,134,0.0
1717060060,2326.4,2326.55,0.0,0,1717060060140,134,0.0
1717060060,2326.4,2326.56,0.0,0,1717060060216,4,0.0
1717060060,2326.16,2326.32,0.0,0,1717060060479,134,0.0
1717060060,2326.19,2326.34,0.0,0,1717060060527,134,0.0
1717060060,2326.14,2326.3,0.0,0,1717060060813,134,0.0
1717060060,2326.14,2326.29,0.0,0,1717060060848,4,0.0
1717060061,2326.12,2326.29,0.0,0,1717060061126,130,0.0
1717060061,2326.13,2326.31,0.0,0,1717060061173,134,0.0
1717060061,2326.12,2326.3,0.0,0,1717060061653,134,0.0
1717060061,2325.93,2326.11,0.0,0,1717060061792,134,0.0
1717060061,2325.94,2326.12,0.0,0,1717060061858,134,0.0
1717060062,2325.93,2326.11,0.0,0,1717060062109,134,0.0
1717060062,2325.9,2326.07,0.0,0,1717060062265,134,0.0
1717060062,2325.89,2326.06,0.0,0,1717060062449,134,0.0
1717060062,2325.88,2326.06,0.0,0,1717060062626,130,0.0
1717060062,2325.89,2326.06,0.0,0,1717060062785,130,0.0
1717060062,2325.9,2326.08,0.0,0,1717060062976,134,0.0
1717060063,2325.89,2326.07,0.0,0,1717060063174,134,0.0
1717060063,2325.93,2326.11,0.0,0,1717060063426,134,0.0
1717060064,2325.93,2326.12,0.0,0,1717060064075,4,0.0
1717060064,2325.91,2326.1,0.0,0,1717060064178,134,0.0
1717060064,2325.94,2326.12,0.0,0,1717060064433,134,0.0
1717060064,2325.95,2326.13,0.0,0,1717060064595,134,0.0
1717060064,2325.94,2326.13,0.0,0,1717060064768,130,0.0
1717060064,2325.99,2326.18,0.0,0,1717060064784,134,0.0
1717060065,2326.01,2326.2,0.0,0,1717060065098,134,0.0
1717060065,2326.02,2326.2,0.0,0,1717060065098,130,0.0
1717060065,2325.95,2326.13,0.0,0,1717060065413,134,0.0
1717060065,2325.94,2326.13,0.0,0,1717060065478,130,0.0
1717060065,2325.86,2326.05,0.0,0,1717060065852,134,0.0
1717060066,2325.84,2326.03,0.0,0,1717060066080,134,0.0
1717060066,2325.85,2326.03,0.0,0,1717060066242,130,0.0
1717060066,2325.86,2326.04,0.0,0,1717060066397,134,0.0
1717060066,2325.91,2326.1,0.0,0,1717060066477,134,0.0
1717060066,2325.92,2326.11,0.0,0,1717060066857,134,0.0
1717060067,2325.95,2326.13,0.0,0,1717060067080,134,0.0
1717060067,2326.02,2326.2,0.0,0,1717060067095,134,0.0
1717060067,2326.2,2326.37,0.0,0,1717060067437,134,0.0
1717060067,2326.12,2326.3,0.0,0,1717060067437,134,0.0
1717060067,2326.17,2326.34,0.0,0,1717060067727,134,0.0
1717060067,2326.21,2326.38,0.0,0,1717060067826,134,0.0
1717060068,2326.32,2326.49,0.0,0,1717060068064,134,0.0
1717060068,2326.3,2326.49,0.0,0,1717060068126,130,0.0
1717060068,2326.31,2326.5,0.0,0,1717060068396,134,0.0
1717060068,2326.31,2326.49,0.0,0,1717060068435,4,0.0
1717060068,2326.24,2326.42,0.0,0,1717060068711,134,0.0
1717060068,2326.27,2326.46,0.0,0,1717060068845,134,0.0
1717060069,2326.24,2326.42,0.0,0,1717060069048,134,0.0
1717060069,2326.23,2326.42,0.0,0,1717060069110,130,0.0
1717060069,2326.24,2326.43,0.0,0,1717060069379,134,0.0
1717060069,2326.23,2326.42,0.0,0,1717060069395,134,0.0
1717060069,2326.21,2326.4,0.0,0,1717060069694,134,0.0
1717060069,2326.2,2326.39,0.0,0,1717060069895,134,0.0
1717060070,2326.19,2326.38,0.0,0,1717060070126,134,0.0
1717060070,2326.18,2326.38,0.0,0,1717060070412,130,0.0
1717060070,2326.12,2326.32,0.0,0,1717060070772,134,0.0
1717060071,2326.13,2326.33,0.0,0,1717060071286,134,0.0
1717060071,2326.14,2326.33,0.0,0,1717060071395,130,0.0
1717060071,2326.16,2326.35,0.0,0,1717060071691,134,0.0
1717060072,2326.18,2326.37,0.0,0,1717060072664,134,0.0
1717060072,2326.42,2326.61,0.0,0,1717060072744,134,0.0
1717060073,2326.4,2326.59,0.0,0,1717060073011,134,0.0
1717060073,2326.39,2326.57,0.0,0,1717060073066,134,0.0
1717060073,2326.38,2326.57,0.0,0,1717060073352,130,0.0
1717060073,2326.38,2326.56,0.0,0,1717060073464,4,0.0
1717060073,2326.41,2326.6,0.0,0,1717060073671,134,0.0
1717060073,2326.41,2326.59,0.0,0,1717060073716,4,0.0
1717060073,2326.41,2326.6,0.0,0,1717060073979,4,0.0
1717060074,2326.42,2326.61,0.0,0,1717060074078,134,0.0
1717060074,2326.4,2326.6,0.0,0,1717060074332,134,0.0
1717060074,2326.42,2326.61,0.0,0,1717060074379,134,0.0
1717060074,2326.41,2326.6,0.0,0,1717060074710,134,0.0
1717060074,2326.39,2326.59,0.0,0,1717060074979,134,0.0
1717060075,2326.37,2326.57,0.0,0,1717060075523,134,0.0
1717060075,2326.32,2326.52,0.0,0,1717060075696,134,0.0
1717060076,2326.31,2326.51,0.0,0,1717060076102,134,0.0
1717060076,2326.31,2326.5,0.0,0,1717060076290,4,0.0
1717060076,2326.3,2326.49,0.0,0,1717060076308,134,0.0
1717060076,2326.29,2326.48,0.0,0,1717060076633,134,0.0
1717060076,2326.28,2326.47,0.0,0,1717060076679,134,0.0
