time,bid,ask,last,volume,time_msc,flags,volume_real
1738200900,107.307,107.345,0.0,0,1738200900134,134,0.0
1738200902,107.31,107.348,0.0,0,1738200902163,134,0.0
1738200903,107.309,107.347,0.0,0,1738200903342,134,0.0
1738200905,107.31,107.348,0.0,0,1738200905049,134,0.0
1738200909,107.309,107.347,0.0,0,1738200909153,134,0.0
1738200911,107.31,107.348,0.0,0,1738200911921,134,0.0
1738200913,107.309,107.347,0.0,0,1738200913785,134,0.0
1738200914,107.311,107.349,0.0,0,1738200914849,134,0.0
1738200915,107.313,107.351,0.0,0,1738200915882,134,0.0
1738200924,107.316,107.354,0.0,0,1738200924905,134,0.0
1738200925,107.317,107.355,0.0,0,1738200925912,134,0.0
1738200927,107.318,107.356,0.0,0,1738200927383,134,0.0
1738200933,107.317,107.355,0.0,0,1738200933555,134,0.0
1738200934,107.316,107.354,0.0,0,1738200934638,134,0.0
1738200939,107.314,107.352,0.0,0,1738200939329,134,0.0
1738200940,107.315,107.353,0.0,0,1738200940375,134,0.0
1738200942,107.313,107.351,0.0,0,1738200942499,134,0.0
1738200949,107.312,107.35,0.0,0,1738200949878,134,0.0
1738200951,107.315,107.353,0.0,0,1738200951111,134,0.0
1738200952,107.316,107.354,0.0,0,1738200952260,134,0.0
1738200955,107.317,107.355,0.0,0,1738200955565,134,0.0
1738200956,107.32,107.358,0.0,0,1738200956760,134,0.0
1738200959,107.321,107.359,0.0,0,1738200959365,134,0.0
1738200960,107.32,107.358,0.0,0,1738200960472,134,0.0
1738200965,107.319,107.357,0.0,0,1738200965840,134,0.0
1738200967,107.32,107.358,0.0,0,1738200967162,134,0.0
1738200968,107.319,107.357,0.0,0,1738200968453,134,0.0
1738200972,107.313,107.351,0.0,0,1738200972178,134,0.0
1738200972,107.308,107.346,0.0,0,1738200972204,134,0.0
1738200973,107.305,107.343,0.0,0,1738200973207,134,0.0
1738200974,107.311,107.349,0.0,0,1738200974219,134,0.0
1738200975,107.306,107.344,0.0,0,1738200975223,134,0.0
1738200976,107.309,107.347,0.0,0,1738200976376,134,0.0
1738200979,107.303,107.341,0.0,0,1738200979580,134,0.0
1738200980,107.305,107.343,0.0,0,1738200980739,134,0.0
1738200981,107.304,107.342,0.0,0,1738200981814,134,0.0
1738200982,107.305,107.343,0.0,0,1738200982830,134,0.0
1738200988,107.303,107.341,0.0,0,1738200988479,134,0.0
1738200990,107.302,107.34,0.0,0,1738200990126,134,0.0
1738200991,107.299,107.337,0.0,0,1738200991141,134,0.0
1738200992,107.301,107.339,0.0,0,1738200992241,134,0.0
1738201000,107.299,107.337,0.0,0,1738201000571,134,0.0
1738201002,107.298,107.336,0.0,0,1738201002593,134,0.0
1738201004,107.299,107.337,0.0,0,1738201004654,134,0.0
1738201006,107.3,107.338,0.0,0,1738201006328,134,0.0
1738201007,107.301,107.339,0.0,0,1738201007353,134,0.0
1738201008,107.3,107.338,0.0,0,1738201008474,134,0.0
1738201015,107.302,107.34,0.0,0,1738201015208,134,0.0
1738201017,107.303,107.341,0.0,0,1738201017897,134,0.0
1738201019,107.302,107.34,0.0,0,1738201019851,134,0.0
1738201020,107.301,107.339,0.0,0,1738201020981,134,0.0
1738201022,107.299,107.337,0.0,0,1738201022073,134,0.0
1738201023,107.298,107.336,0.0,0,1738201023434,134,0.0
1738201024,107.296,107.334,0.0,0,1738201024445,134,0.0
1738201025,107.293,107.331,0.0,0,1738201025473,134,0.0
1738201030,107.292,107.33,0.0,0,1738201030924,134,0.0
1738201035,107.293,107.331,0.0,0,1738201035041,134,0.0
1738201046,107.29,107.328,0.0,0,1738201046799,134,0.0
1738201048,107.289,107.327,0.0,0,1738201048305,134,0.0
1738201051,107.293,107.331,0.0,0,1738201051543,134,0.0
1738201052,107.294,107.332,0.0,0,1738201052563,134,0.0
1738201053,107.3,107.338,0.0,0,1738201053509,134,0.0
1738201055,107.294,107.332,0.0,0,1738201055777,134,0.0
1738201057,107.29,107.328,0.0,0,1738201057591,134,0.0
1738201058,107.291,107.329,0.0,0,1738201058650,134,0.0
1738201059,107.29,107.328,0.0,0,1738201059742,134,0.0
1738201060,107.291,107.329,0.0,0,1738201060777,134,0.0
1738201061,107.292,107.33,0.0,0,1738201061909,134,0.0
1738201069,107.294,107.332,0.0,0,1738201069217,134,0.0
1738201070,107.295,107.333,0.0,0,1738201070365,134,0.0
1738201072,107.294,107.332,0.0,0,1738201072665,134,0.0
1738201074,107.3,107.338,0.0,0,1738201074930,134,0.0
1738201075,107.299,107.337,0.0,0,1738201075944,134,0.0
1738201076,107.298,107.336,0.0,0,1738201076955,134,0.0
1738201078,107.292,107.33,0.0,0,1738201078753,134,0.0
1738201081,107.292,107.33,0.0,0,1738201081239,130,0.0
1738201085,107.298,107.336,0.0,0,1738201085457,134,0.0
1738201086,107.299,107.337,0.0,0,1738201086635,134,0.0
1738201092,107.297,107.335,0.0,0,1738201092089,134,0.0
1738201093,107.292,107.33,0.0,0,1738201093229,134,0.0
1738201100,107.291,107.329,0.0,0,1738201100006,134,0.0
1738201103,107.294,107.332,0.0,0,1738201103298,134,0.0
1738201104,107.295,107.333,0.0,0,1738201104739,134,0.0
1738201106,107.299,107.337,0.0,0,1738201106008,134,0.0
1738201107,107.296,107.334,0.0,0,1738201107084,134,0.0
1738201109,107.299,107.337,0.0,0,1738201109305,134,0.0
1738201112,107.3,107.338,0.0,0,1738201112613,134,0.0
1738201113,107.301,107.339,0.0,0,1738201113718,134,0.0
1738201117,107.3,107.338,0.0,0,1738201117120,134,0.0
1738201120,107.302,107.34,0.0,0,1738201120736,134,0.0
1738201121,107.298,107.336,0.0,0,1738201121739,134,0.0
1738201124,107.3,107.338,0.0,0,1738201124158,134,0.0
1738201125,107.301,107.339,0.0,0,1738201125179,134,0.0
1738201126,107.3,107.338,0.0,0,1738201126674,134,0.0
1738201129,107.294,107.332,0.0,0,1738201129845,134,0.0
1738201131,107.293,107.331,0.0,0,1738201131111,134,0.0
1738201131,107.287,107.325,0.0,0,1738201131252,134,0.0
1738201132,107.289,107.327,0.0,0,1738201132360,134,0.0
1738201135,107.288,107.326,0.0,0,1738201135717,134,0.0
1738201136,107.282,107.32,0.0,0,1738201136719,134,0.0
1738201137,107.281,107.319,0.0,0,1738201137828,134,0.0
1738201139,107.28,107.318,0.0,0,1738201139373,134,0.0
1738201140,107.28,107.318,0.0,0,1738201140394,130,0.0
1738201141,107.274,107.312,0.0,0,1738201141517,134,0.0
1738201142,107.275,107.313,0.0,0,1738201142574,134,0.0
1738201143,107.269,107.307,0.0,0,1738201143156,134,0.0
1738201144,107.266,107.304,0.0,0,1738201144183,134,0.0
1738201146,107.268,107.306,0.0,0,1738201146221,134,0.0
1738201147,107.269,107.307,0.0,0,1738201147408,134,0.0
1738201149,107.268,107.306,0.0,0,1738201149520,134,0.0
1738201153,107.262,107.3,0.0,0,1738201153796,134,0.0
1738201154,107.268,107.306,0.0,0,1738201154048,134,0.0
1738201155,107.266,107.304,0.0,0,1738201155059,134,0.0
1738201156,107.261,107.299,0.0,0,1738201156104,134,0.0
1738201157,107.26,107.298,0.0,0,1738201157616,134,0.0
1738201158,107.261,107.299,0.0,0,1738201158693,134,0.0
1738201162,107.255,107.293,0.0,0,1738201162315,134,0.0
1738201163,107.253,107.291,0.0,0,1738201163369,134,0.0
1738201164,107.252,107.29,0.0,0,1738201164389,134,0.0
1738201167,107.254,107.292,0.0,0,1738201167212,134,0.0
1738201168,107.253,107.291,0.0,0,1738201168453,134,0.0
1738201169,107.259,107.297,0.0,0,1738201169300,134,0.0
1738201171,107.257,107.295,0.0,0,1738201171297,134,0.0
1738201172,107.256,107.294,0.0,0,1738201172522,134,0.0
1738201176,107.257,107.295,0.0,0,1738201176297,134,0.0
1738201179,107.26,107.298,0.0,0,1738201179154,134,0.0
1738201181,107.259,107.297,0.0,0,1738201181659,134,0.0
1738201182,107.253,107.291,0.0,0,1738201182580,134,0.0
1738201183,107.252,107.29,0.0,0,1738201183955,134,0.0
1738201184,107.246,107.284,0.0,0,1738201184100,134,0.0
1738201185,107.248,107.286,0.0,0,1738201185137,134,0.0
1738201186,107.251,107.289,0.0,0,1738201186211,134,0.0
1738201188,107.253,107.291,0.0,0,1738201188293,134,0.0
1738201191,107.256,107.294,0.0,0,1738201191415,134,0.0
1738201193,107.254,107.292,0.0,0,1738201193328,134,0.0
1738201195,107.256,107.294,0.0,0,1738201195701,134,0.0
1738201196,107.259,107.297,0.0,0,1738201196735,134,0.0
1738201197,107.262,107.3,0.0,0,1738201197870,134,0.0
1738201199,107.268,107.306,0.0,0,1738201199978,134,0.0
1738201201,107.263,107.301,0.0,0,1738201201130,134,0.0
1738201203,107.264,107.302,0.0,0,1738201203200,134,0.0
1738201206,107.268,107.306,0.0,0,1738201206525,134,0.0
1738201207,107.269,107.307,0.0,0,1738201207564,134,0.0
1738201209,107.264,107.302,0.0,0,1738201209072,134,0.0
1738201210,107.266,107.304,0.0,0,1738201210186,134,0.0
1738201212,107.267,107.305,0.0,0,1738201212521,134,0.0
1738201213,107.272,107.31,0.0,0,1738201213206,134,0.0
1738201215,107.271,107.309,0.0,0,1738201215110,134,0.0
1738201216,107.273,107.311,0.0,0,1738201216141,134,0.0
1738201217,107.274,107.312,0.0,0,1738201217654,134,0.0
1738201218,107.278,107.316,0.0,0,1738201218817,134,0.0
1738201220,107.277,107.315,0.0,0,1738201220126,134,0.0
1738201223,107.283,107.321,0.0,0,1738201223231,134,0.0
1738201224,107.285,107.323,0.0,0,1738201224258,134,0.0
1738201225,107.289,107.327,0.0,0,1738201225292,134,0.0
1738201227,107.283,107.321,0.0,0,1738201227253,134,0.0
1738201228,107.281,107.319,0.0,0,1738201228323,134,0.0
1738201232,107.284,107.322,0.0,0,1738201232140,134,0.0
1738201233,107.285,107.323,0.0,0,1738201233253,134,0.0
1738201236,107.286,107.324,0.0,0,1738201236457,134,0.0
1738201241,107.285,107.323,0.0,0,1738201241951,134,0.0
1738201243,107.284,107.322,0.0,0,1738201243002,134,0.0
1738201244,107.282,107.32,0.0,0,1738201244009,134,0.0
1738201245,107.284,107.322,0.0,0,1738201245018,134,0.0
1738201248,107.283,107.321,0.0,0,1738201248033,134,0.0
1738201253,107.284,107.322,0.0,0,1738201253550,134,0.0
1738201257,107.285,107.323,0.0,0,1738201257080,134,0.0
1738201259,107.284,107.322,0.0,0,1738201259119,134,0.0
1738201261,107.284,107.322,0.0,0,1738201261170,130,0.0
1738201262,107.286,107.324,0.0,0,1738201262188,134,0.0
1738201263,107.285,107.323,0.0,0,1738201263201,134,0.0
1738201271,107.284,107.322,0.0,0,1738201271438,134,0.0
1738201272,107.285,107.323,0.0,0,1738201272438,134,0.0
1738201279,107.284,107.322,0.0,0,1738201279804,134,0.0
1738201283,107.286,107.324,0.0,0,1738201283844,134,0.0
1738201286,107.285,107.323,0.0,0,1738201286889,134,0.0
1738201287,107.286,107.324,0.0,0,1738201287971,134,0.0
1738201289,107.285,107.323,0.0,0,1738201289450,134,0.0
1738201292,107.28,107.318,0.0,0,1738201292907,134,0.0
1738201295,107.278,107.316,0.0,0,1738201295083,134,0.0
1738201300,107.279,107.317,0.0,0,1738201300320,134,0.0
1738201301,107.281,107.319,0.0,0,1738201301450,134,0.0
1738201302,107.282,107.32,0.0,0,1738201302457,134,0.0
1738201305,107.278,107.316,0.0,0,1738201305033,134,0.0
1738201306,107.277,107.315,0.0,0,1738201306285,134,0.0
1738201307,107.279,107.317,0.0,0,1738201307897,134,0.0
1738201311,107.28,107.318,0.0,0,1738201311635,134,0.0
1738201314,107.279,107.317,0.0,0,1738201314457,134,0.0
1738201318,107.276,107.314,0.0,0,1738201318625,134,0.0
1738201320,107.277,107.315,0.0,0,1738201320905,134,0.0
1738201323,107.278,107.316,0.0,0,1738201323134,134,0.0
1738201328,107.277,107.315,0.0,0,1738201328118,134,0.0
1738201329,107.272,107.31,0.0,0,1738201329064,134,0.0
1738201330,107.274,107.312,0.0,0,1738201330373,134,0.0
1738201331,107.273,107.311,0.0,0,1738201331464,134,0.0
1738201333,107.272,107.31,0.0,0,1738201333940,134,0.0
1738201335,107.267,107.305,0.0,0,1738201335898,134,0.0
1738201338,107.272,107.31,0.0,0,1738201338008,134,0.0
1738201342,107.273,107.311,0.0,0,1738201342135,134,0.0
1738201343,107.275,107.313,0.0,0,1738201343133,134,0.0
1738201344,107.279,107.317,0.0,0,1738201344190,134,0.0
1738201348,107.28,107.318,0.0,0,1738201348157,134,0.0
1738201348,107.274,107.312,0.0,0,1738201348271,134,0.0
1738201349,107.273,107.311,0.0,0,1738201349655,134,0.0
1738201350,107.272,107.31,0.0,0,1738201350676,134,0.0
1738201351,107.273,107.311,0.0,0,1738201351814,134,0.0
1738201354,107.271,107.309,0.0,0,1738201354612,134,0.0
1738201357,107.272,107.31,0.0,0,1738201357112,134,0.0
1738201357,107.277,107.315,0.0,0,1738201357145,134,0.0
1738201357,107.283,107.321,0.0,0,1738201357173,134,0.0
1738201358,107.281,107.319,0.0,0,1738201358197,134,0.0
1738201361,107.283,107.321,0.0,0,1738201361194,134,0.0
1738201362,107.286,107.324,0.0,0,1738201362198,134,0.0
1738201363,107.29,107.328,0.0,0,1738201363496,134,0.0
1738201367,107.292,107.33,0.0,0,1738201367025,134,0.0
1738201368,107.291,107.329,0.0,0,1738201368033,134,0.0
1738201369,107.289,107.327,0.0,0,1738201369163,134,0.0
1738201370,107.29,107.328,0.0,0,1738201370360,134,0.0
1738201372,107.291,107.329,0.0,0,1738201372801,134,0.0
1738201373,107.294,107.332,0.0,0,1738201373812,134,0.0
1738201380,107.294,107.332,0.0,0,1738201380159,130,0.0
1738201381,107.292,107.33,0.0,0,1738201381253,134,0.0
1738201385,107.291,107.329,0.0,0,1738201385991,134,0.0
1738201386,107.293,107.331,0.0,0,1738201386994,134,0.0
1738201391,107.292,107.33,0.0,0,1738201391099,134,0.0
1738201395,107.289,107.327,0.0,0,1738201395082,134,0.0
1738201396,107.295,107.333,0.0,0,1738201396162,134,0.0
1738201399,107.3,107.338,0.0,0,1738201399425,134,0.0
1738201400,107.299,107.337,0.0,0,1738201400427,134,0.0
1738201401,107.296,107.334,0.0,0,1738201401507,134,0.0
1738201406,107.297,107.335,0.0,0,1738201406110,134,0.0
1738201408,107.299,107.337,0.0,0,1738201408765,134,0.0
1738201411,107.305,107.343,0.0,0,1738201411699,134,0.0
1738201412,107.308,107.346,0.0,0,1738201412712,134,0.0
1738201413,107.306,107.344,0.0,0,1738201413717,134,0.0
1738201414,107.307,107.345,0.0,0,1738201414731,134,0.0
1738201416,107.308,107.346,0.0,0,1738201416654,134,0.0
1738201416,107.314,107.352,0.0,0,1738201416718,134,0.0
1738201417,107.318,107.356,0.0,0,1738201417923,134,0.0
1738201418,107.323,107.361,0.0,0,1738201418476,134,0.0
1738201419,107.324,107.362,0.0,0,1738201419733,134,0.0
1738201420,107.325,107.363,0.0,0,1738201420794,134,0.0
1738201422,107.326,107.364,0.0,0,1738201422969,134,0.0
1738201425,107.325,107.363,0.0,0,1738201425518,134,0.0
1738201426,107.321,107.359,0.0,0,1738201426979,134,0.0
1738201428,107.32,107.358,0.0,0,1738201428625,134,0.0
1738201430,107.321,107.359,0.0,0,1738201430225,134,0.0
1738201432,107.315,107.353,0.0,0,1738201432133,134,0.0
1738201436,107.316,107.354,0.0,0,1738201436575,134,0.0
1738201438,107.317,107.355,0.0,0,1738201438618,134,0.0
1738201439,107.319,107.357,0.0,0,1738201439664,134,0.0
1738201440,107.321,107.359,0.0,0,1738201440764,134,0.0
1738201441,107.319,107.357,0.0,0,1738201441902,134,0.0
1738201444,107.32,107.358,0.0,0,1738201444315,134,0.0
1738201446,107.319,107.357,0.0,0,1738201446163,134,0.0
1738201451,107.316,107.354,0.0,0,1738201451574,134,0.0
1738201453,107.318,107.356,0.0,0,1738201453720,134,0.0
1738201454,107.322,107.36,0.0,0,1738201454734,134,0.0
1738201455,107.323,107.361,0.0,0,1738201455792,134,0.0
1738201457,107.321,107.359,0.0,0,1738201457342,134,0.0
1738201460,107.319,107.357,0.0,0,1738201460291,134,0.0
1738201460,107.313,107.351,0.0,0,1738201460494,134,0.0
1738201462,107.312,107.35,0.0,0,1738201462428,134,0.0
1738201463,107.31,107.348,0.0,0,1738201463458,134,0.0
1738201465,107.309,107.347,0.0,0,1738201465193,134,0.0
1738201466,107.307,107.345,0.0,0,1738201466250,134,0.0
1738201474,107.306,107.344,0.0,0,1738201474640,134,0.0
1738201475,107.301,107.339,0.0,0,1738201475241,134,0.0
1738201476,107.304,107.342,0.0,0,1738201476253,134,0.0
1738201477,107.305,107.343,0.0,0,1738201477546,134,0.0
1738201480,107.306,107.344,0.0,0,1738201480356,134,0.0
1738201482,107.305,107.343,0.0,0,1738201482496,134,0.0
1738201483,107.308,107.346,0.0,0,1738201483506,134,0.0
1738201484,107.309,107.347,0.0,0,1738201484581,134,0.0
1738201485,107.311,107.349,0.0,0,1738201485584,134,0.0
1738201486,107.308,107.346,0.0,0,1738201486611,134,0.0
1738201488,107.307,107.345,0.0,0,1738201488113,134,0.0
1738201489,107.309,107.347,0.0,0,1738201489228,134,0.0
1738201491,107.31,107.348,0.0,0,1738201491251,134,0.0
1738201500,107.31,107.348,0.0,0,1738201500161,130,0.0
1738201501,107.311,107.349,0.0,0,1738201501491,134,0.0
1738201504,107.31,107.348,0.0,0,1738201504543,134,0.0
1738201505,107.312,107.35,0.0,0,1738201505747,134,0.0
1738201506,107.314,107.352,0.0,0,1738201506773,134,0.0
1738201510,107.315,107.353,0.0,0,1738201510167,134,0.0
1738201512,107.311,107.349,0.0,0,1738201512363,134,0.0
1738201519,107.312,107.35,0.0,0,1738201519048,134,0.0
1738201524,107.311,107.349,0.0,0,1738201524613,134,0.0
1738201526,107.31,107.348,0.0,0,1738201526970,134,0.0
1738201528,107.311,107.349,0.0,0,1738201528146,134,0.0
1738201529,107.31,107.348,0.0,0,1738201529336,134,0.0
1738201530,107.311,107.349,0.0,0,1738201530578,134,0.0
1738201531,107.312,107.35,0.0,0,1738201531772,134,0.0
1738201535,107.314,107.352,0.0,0,1738201535199,134,0.0
1738201536,107.318,107.356,0.0,0,1738201536396,134,0.0
1738201537,107.317,107.355,0.0,0,1738201537482,134,0.0
1738201541,107.321,107.359,0.0,0,1738201541703,134,0.0
1738201543,107.318,107.356,0.0,0,1738201543415,134,0.0
1738201544,107.317,107.355,0.0,0,1738201544759,134,0.0
1738201551,107.318,107.356,0.0,0,1738201551446,134,0.0
1738201555,107.316,107.354,0.0,0,1738201555535,134,0.0
1738201557,107.314,107.352,0.0,0,1738201557267,134,0.0
1738201558,107.316,107.354,0.0,0,1738201558771,134,0.0
1738201559,107.315,107.353,0.0,0,1738201559808,134,0.0
1738201560,107.315,107.353,0.0,0,1738201560828,130,0.0
1738201561,107.316,107.354,0.0,0,1738201561835,134,0.0
1738201569,107.311,107.349,0.0,0,1738201569911,134,0.0
1738201571,107.309,107.347,0.0,0,1738201571099,134,0.0
1738201573,107.31,107.348,0.0,0,1738201573197,134,0.0
1738201577,107.311,107.349,0.0,0,1738201577399,134,0.0
1738201579,107.316,107.354,0.0,0,1738201579650,134,0.0
1738201581,107.318,107.356,0.0,0,1738201581729,134,0.0
1738201585,107.317,107.355,0.0,0,1738201585029,134,0.0
1738201586,107.313,107.351,0.0,0,1738201586046,134,0.0
1738201587,107.311,107.349,0.0,0,1738201587052,134,0.0
1738201588,107.312,107.35,0.0,0,1738201588885,134,0.0
1738201599,107.311,107.349,0.0,0,1738201599321,134,0.0
1738201603,107.312,107.35,0.0,0,1738201603878,134,0.0
1738201605,107.311,107.349,0.0,0,1738201605960,134,0.0
1738201610,107.31,107.348,0.0,0,1738201610084,134,0.0
1738201612,107.305,107.343,0.0,0,1738201612577,134,0.0
1738201612,107.299,107.337,0.0,0,1738201612642,134,0.0
1738201613,107.296,107.334,0.0,0,1738201613662,134,0.0
1738201614,107.302,107.34,0.0,0,1738201614942,134,0.0
1738201616,107.297,107.335,0.0,0,1738201616109,134,0.0
1738201617,107.295,107.333,0.0,0,1738201617190,134,0.0
1738201618,107.296,107.334,0.0,0,1738201618748,134,0.0
1738201619,107.297,107.335,0.0,0,1738201619881,134,0.0
1738201621,107.297,107.335,0.0,0,1738201621184,130,0.0
1738201625,107.295,107.333,0.0,0,1738201625159,134,0.0
1738201626,107.294,107.332,0.0,0,1738201626173,134,0.0
1738201631,107.295,107.333,0.0,0,1738201631569,134,0.0
1738201633,107.297,107.335,0.0,0,1738201633271,134,0.0
1738201634,107.296,107.334,0.0,0,1738201634470,134,0.0
1738201636,107.302,107.34,0.0,0,1738201636195,134,0.0
1738201638,107.304,107.342,0.0,0,1738201638122,134,0.0
1738201642,107.305,107.343,0.0,0,1738201642167,134,0.0
1738201645,107.302,107.34,0.0,0,1738201645288,134,0.0
1738201646,107.303,107.341,0.0,0,1738201646482,134,0.0
1738201648,107.305,107.343,0.0,0,1738201648176,134,0.0
1738201650,107.302,107.34,0.0,0,1738201650175,134,0.0
1738201650,107.296,107.334,0.0,0,1738201650909,134,0.0
1738201652,107.292,107.33,0.0,0,1738201652242,134,0.0
1738201654,107.289,107.327,0.0,0,1738201654308,134,0.0
1738201655,107.29,107.328,0.0,0,1738201655473,134,0.0
1738201656,107.292,107.33,0.0,0,1738201656596,134,0.0
1738201660,107.294,107.332,0.0,0,1738201660759,134,0.0
1738201662,107.295,107.333,0.0,0,1738201662095,134,0.0
1738201662,107.301,107.339,0.0,0,1738201662892,134,0.0
1738201663,107.302,107.34,0.0,0,1738201663987,134,0.0
1738201665,107.305,107.343,0.0,0,1738201665010,134,0.0
1738201666,107.306,107.344,0.0,0,1738201666016,134,0.0
1738201666,107.311,107.349,0.0,0,1738201666271,134,0.0
1738201667,107.312,107.35,0.0,0,1738201667571,134,0.0
1738201673,107.306,107.344,0.0,0,1738201673202,134,0.0
1738201673,107.301,107.339,0.0,0,1738201673297,134,0.0
1738201674,107.298,107.336,0.0,0,1738201674467,134,0.0
1738201678,107.297,107.335,0.0,0,1738201678684,134,0.0
1738201680,107.298,107.336,0.0,0,1738201680170,134,0.0
1738201682,107.297,107.335,0.0,0,1738201682229,134,0.0
1738201688,107.298,107.336,0.0,0,1738201688689,134,0.0
1738201689,107.299,107.337,0.0,0,1738201689893,134,0.0
1738201690,107.3,107.338,0.0,0,1738201690897,134,0.0
1738201693,107.299,107.337,0.0,0,1738201693759,134,0.0
1738201695,107.301,107.339,0.0,0,1738201695151,134,0.0
1738201696,107.305,107.343,0.0,0,1738201696307,134,0.0
1738201697,107.304,107.342,0.0,0,1738201697783,134,0.0
1738201704,107.303,107.341,0.0,0,1738201704476,134,0.0
1738201708,107.297,107.335,0.0,0,1738201708850,134,0.0
1738201709,107.294,107.332,0.0,0,1738201709898,134,0.0
1738201720,107.299,107.337,0.0,0,1738201720157,134,0.0
1738201724,107.3,107.338,0.0,0,1738201724174,134,0.0
1738201729,107.299,107.337,0.0,0,1738201729525,134,0.0
1738201730,107.303,107.341,0.0,0,1738201730580,134,0.0
1738201732,107.302,107.34,0.0,0,1738201732747,134,0.0
1738201737,107.296,107.334,0.0,0,1738201737899,134,0.0
1738201739,107.295,107.333,0.0,0,1738201739625,134,0.0
1738201740,107.295,107.333,0.0,0,1738201740663,130,0.0
1738201747,107.293,107.331,0.0,0,1738201747259,134,0.0
1738201750,107.296,107.334,0.0,0,1738201750894,134,0.0
1738201752,107.3,107.338,0.0,0,1738201752027,134,0.0
1738201754,107.303,107.341,0.0,0,1738201754403,134,0.0
1738201756,107.304,107.342,0.0,0,1738201756142,134,0.0
1738201760,107.303,107.341,0.0,0,1738201760706,134,0.0
1738201761,107.297,107.335,0.0,0,1738201761673,134,0.0
1738201762,107.296,107.334,0.0,0,1738201762986,134,0.0
1738201764,107.295,107.333,0.0,0,1738201764180,134,0.0
1738201774,107.291,107.329,0.0,0,1738201774654,134,0.0
1738201777,107.29,107.328,0.0,0,1738201777815,134,0.0
1738201787,107.291,107.329,0.0,0,1738201787417,134,0.0
1738201795,107.296,107.334,0.0,0,1738201795427,134,0.0
1738201796,107.298,107.336,0.0,0,1738201796489,134,0.0
1738201797,107.299,107.337,0.0,0,1738201797754,134,0.0
1738201800,107.299,107.337,0.0,0,1738201800270,130,0.0
1738201800,107.292,107.33,0.0,0,1738201800482,134,0.0
1738201800,107.286,107.324,0.0,0,1738201800742,134,0.0
1738201801,107.283,107.321,0.0,0,1738201801846,134,0.0
1738201802,107.282,107.32,0.0,0,1738201802985,134,0.0
1738201803,107.277,107.315,0.0,0,1738201803395,134,0.0
1738201804,107.278,107.316,0.0,0,1738201804417,134,0.0
1738201805,107.277,107.315,0.0,0,1738201805424,134,0.0
1738201806,107.271,107.309,0.0,0,1738201806193,134,0.0
1738201807,107.27,107.308,0.0,0,1738201807220,134,0.0
1738201808,107.271,107.309,0.0,0,1738201808390,134,0.0
1738201808,107.265,107.303,0.0,0,1738201808654,134,0.0
1738201810,107.269,107.307,0.0,0,1738201810676,134,0.0
1738201811,107.273,107.311,0.0,0,1738201811741,134,0.0
1738201812,107.267,107.305,0.0,0,1738201812299,134,0.0
1738201814,107.264,107.302,0.0,0,1738201814470,134,0.0
1738201818,107.268,107.306,0.0,0,1738201818074,134,0.0
1738201823,107.273,107.311,0.0,0,1738201823293,134,0.0
1738201823,107.267,107.305,0.0,0,1738201823681,134,0.0
1738201824,107.263,107.301,0.0,0,1738201824808,134,0.0
1738201825,107.264,107.302,0.0,0,1738201825980,134,0.0
1738201827,107.265,107.303,0.0,0,1738201827045,134,0.0
1738201828,107.264,107.302,0.0,0,1738201828150,134,0.0
1738201829,107.263,107.301,0.0,0,1738201829301,134,0.0
1738201832,107.264,107.302,0.0,0,1738201832282,134,0.0
1738201833,107.269,107.307,0.0,0,1738201833445,134,0.0
1738201835,107.27,107.308,0.0,0,1738201835659,134,0.0
1738201840,107.264,107.302,0.0,0,1738201840109,134,0.0
1738201840,107.258,107.296,0.0,0,1738201840123,134,0.0
1738201840,107.252,107.29,0.0,0,1738201840305,134,0.0
1738201841,107.248,107.286,0.0,0,1738201841472,134,0.0
1738201843,107.246,107.284,0.0,0,1738201843111,134,0.0
1738201845,107.247,107.285,0.0,0,1738201845163,134,0.0
1738201845,107.241,107.279,0.0,0,1738201845425,134,0.0
1738201846,107.242,107.28,0.0,0,1738201846456,134,0.0
1738201847,107.24,107.278,0.0,0,1738201847628,134,0.0
1738201850,107.239,107.277,0.0,0,1738201850926,134,0.0
1738201852,107.24,107.278,0.0,0,1738201852085,134,0.0
1738201852,107.246,107.284,0.0,0,1738201852128,134,0.0
1738201853,107.252,107.29,0.0,0,1738201853007,134,0.0
1738201855,107.247,107.285,0.0,0,1738201855373,134,0.0
1738201856,107.244,107.282,0.0,0,1738201856491,134,0.0
1738201857,107.241,107.279,0.0,0,1738201857511,134,0.0
1738201859,107.242,107.28,0.0,0,1738201859820,134,0.0
1738201860,107.244,107.282,0.0,0,1738201860885,134,0.0
1738201862,107.245,107.283,0.0,0,1738201862034,134,0.0
1738201863,107.241,107.279,0.0,0,1738201863070,134,0.0
1738201864,107.244,107.282,0.0,0,1738201864111,134,0.0
1738201865,107.241,107.279,0.0,0,1738201865123,134,0.0
1738201866,107.24,107.278,0.0,0,1738201866191,134,0.0
1738201867,107.238,107.276,0.0,0,1738201867359,134,0.0
1738201869,107.232,107.27,0.0,0,1738201869425,134,0.0
1738201870,107.226,107.264,0.0,0,1738201870193,134,0.0
1738201871,107.225,107.263,0.0,0,1738201871236,134,0.0
1738201872,107.227,107.265,0.0,0,1738201872318,134,0.0
1738201873,107.228,107.266,0.0,0,1738201873397,134,0.0
1738201875,107.23,107.268,0.0,0,1738201875697,134,0.0
1738201878,107.231,107.269,0.0,0,1738201878210,134,0.0
1738201879,107.228,107.266,0.0,0,1738201879242,134,0.0
1738201879,107.234,107.272,0.0,0,1738201879710,134,0.0
1738201880,107.236,107.274,0.0,0,1738201880803,134,0.0
1738201881,107.231,107.269,0.0,0,1738201881809,134,0.0
1738201882,107.237,107.275,0.0,0,1738201882096,134,0.0
1738201883,107.235,107.273,0.0,0,1738201883100,134,0.0
1738201884,107.23,107.268,0.0,0,1738201884221,134,0.0
1738201885,107.231,107.269,0.0,0,1738201885453,134,0.0
1738201888,107.232,107.27,0.0,0,1738201888039,134,0.0
1738201890,107.231,107.269,0.0,0,1738201890303,134,0.0
1738201891,107.232,107.27,0.0,0,1738201891548,134,0.0
1738201898,107.235,107.273,0.0,0,1738201898917,134,0.0
1738201900,107.236,107.274,0.0,0,1738201900233,134,0.0
1738201901,107.239,107.277,0.0,0,1738201901264,134,0.0
1738201902,107.236,107.274,0.0,0,1738201902507,134,0.0
1738201903,107.239,107.277,0.0,0,1738201903843,134,0.0
1738201907,107.237,107.275,0.0,0,1738201907800,134,0.0
1738201910,107.239,107.277,0.0,0,1738201910970,134,0.0
1738201913,107.238,107.276,0.0,0,1738201913350,134,0.0
1738201919,107.24,107.278,0.0,0,1738201919542,134,0.0
1738201920,107.24,107.278,0.0,0,1738201920554,130,0.0
1738201921,107.237,107.275,0.0,0,1738201921568,134,0.0
1738201922,107.238,107.276,0.0,0,1738201922583,134,0.0
1738201924,107.239,107.277,0.0,0,1738201924395,134,0.0
1738201925,107.245,107.283,0.0,0,1738201925147,134,0.0
1738201926,107.248,107.286,0.0,0,1738201926157,134,0.0
1738201927,107.247,107.285,0.0,0,1738201927303,134,0.0
1738201928,107.242,107.28,0.0,0,1738201928297,134,0.0
1738201928,107.236,107.274,0.0,0,1738201928338,134,0.0
1738201929,107.231,107.269,0.0,0,1738201929446,134,0.0
1738201930,107.23,107.268,0.0,0,1738201930542,134,0.0
1738201931,107.231,107.269,0.0,0,1738201931547,134,0.0
1738201934,107.229,107.267,0.0,0,1738201934161,134,0.0
1738201938,107.231,107.269,0.0,0,1738201938409,134,0.0
1738201940,107.23,107.268,0.0,0,1738201940554,134,0.0
1738201941,107.223,107.261,0.0,0,1738201941747,134,0.0
1738201943,107.222,107.26,0.0,0,1738201943046,134,0.0
1738201944,107.223,107.261,0.0,0,1738201944268,134,0.0
1738201946,107.224,107.262,0.0,0,1738201946140,134,0.0
1738201955,107.222,107.26,0.0,0,1738201955690,134,0.0
1738201957,107.224,107.262,0.0,0,1738201957256,134,0.0
1738201959,107.225,107.263,0.0,0,1738201959642,134,0.0
1738201962,107.226,107.264,0.0,0,1738201962008,134,0.0
1738201963,107.231,107.269,0.0,0,1738201963011,134,0.0
1738201964,107.233,107.271,0.0,0,1738201964059,134,0.0
1738201965,107.232,107.27,0.0,0,1738201965191,134,0.0
1738201966,107.231,107.269,0.0,0,1738201966359,134,0.0
1738201968,107.232,107.27,0.0,0,1738201968958,134,0.0
1738201970,107.234,107.272,0.0,0,1738201970258,134,0.0
1738201971,107.228,107.266,0.0,0,1738201971021,134,0.0
1738201972,107.224,107.262,0.0,0,1738201972203,134,0.0
1738201972,107.217,107.255,0.0,0,1738201972326,134,0.0
1738201973,107.213,107.251,0.0,0,1738201973363,134,0.0
1738201974,107.212,107.25,0.0,0,1738201974371,134,0.0
1738201975,107.21,107.248,0.0,0,1738201975392,134,0.0
1738201975,107.204,107.242,0.0,0,1738201975539,134,0.0
1738201976,107.203,107.241,0.0,0,1738201976558,134,0.0
1738201977,107.202,107.24,0.0,0,1738201977632,134,0.0
1738201978,107.196,107.234,0.0,0,1738201978589,134,0.0
1738201979,107.194,107.232,0.0,0,1738201979783,134,0.0
1738201980,107.191,107.229,0.0,0,1738201980875,134,0.0
1738201982,107.19,107.228,0.0,0,1738201982303,134,0.0
1738201986,107.191,107.229,0.0,0,1738201986134,134,0.0
1738201986,107.197,107.235,0.0,0,1738201986907,134,0.0
1738201986,107.203,107.241,0.0,0,1738201986998,134,0.0
1738201988,107.202,107.24,0.0,0,1738201988047,134,0.0
1738201988,107.209,107.247,0.0,0,1738201988075,134,0.0
1738201988,107.215,107.253,0.0,0,1738201988773,134,0.0
1738201989,107.216,107.254,0.0,0,1738201989882,134,0.0
1738201990,107.215,107.253,0.0,0,1738201990924,134,0.0
1738201992,107.212,107.25,0.0,0,1738201992064,134,0.0
1738201993,107.214,107.252,0.0,0,1738201993266,134,0.0
1738201994,107.217,107.255,0.0,0,1738201994269,134,0.0
1738201996,107.223,107.261,0.0,0,1738201996179,134,0.0
1738201997,107.225,107.263,0.0,0,1738201997421,134,0.0
1738201998,107.229,107.267,0.0,0,1738201998588,134,0.0
1738201999,107.233,107.271,0.0,0,1738201999659,134,0.0
1738202000,107.234,107.272,0.0,0,1738202000742,134,0.0
1738202001,107.235,107.273,0.0,0,1738202001742,134,0.0
1738202001,107.229,107.267,0.0,0,1738202001783,134,0.0
1738202003,107.231,107.269,0.0,0,1738202003050,134,0.0
1738202005,107.227,107.265,0.0,0,1738202005183,134,0.0
1738202006,107.226,107.264,0.0,0,1738202006227,134,0.0
1738202007,107.227,107.265,0.0,0,1738202007285,134,0.0
1738202014,107.228,107.266,0.0,0,1738202014063,134,0.0
1738202016,107.229,107.267,0.0,0,1738202016259,134,0.0
1738202019,107.225,107.263,0.0,0,1738202019909,134,0.0
1738202020,107.218,107.256,0.0,0,1738202020890,134,0.0
1738202022,107.213,107.251,0.0,0,1738202022218,134,0.0
1738202023,107.212,107.25,0.0,0,1738202023264,134,0.0
1738202025,107.216,107.254,0.0,0,1738202025500,134,0.0
1738202026,107.222,107.26,0.0,0,1738202026299,134,0.0
1738202027,107.226,107.264,0.0,0,1738202027645,134,0.0
1738202028,107.223,107.261,0.0,0,1738202028852,134,0.0
1738202031,107.222,107.26,0.0,0,1738202031900,134,0.0
1738202035,107.223,107.261,0.0,0,1738202035674,134,0.0
1738202040,107.223,107.261,0.0,0,1738202040083,130,0.0
1738202041,107.226,107.264,0.0,0,1738202041639,134,0.0
1738202042,107.228,107.266,0.0,0,1738202042789,134,0.0
1738202046,107.227,107.265,0.0,0,1738202046158,134,0.0
1738202048,107.228,107.266,0.0,0,1738202048339,134,0.0
1738202049,107.227,107.265,0.0,0,1738202049393,134,0.0
1738202051,107.228,107.266,0.0,0,1738202051893,134,0.0
1738202054,107.229,107.267,0.0,0,1738202054985,134,0.0
1738202056,107.228,107.266,0.0,0,1738202056085,134,0.0
1738202059,107.227,107.265,0.0,0,1738202059200,134,0.0
1738202061,107.228,107.266,0.0,0,1738202061466,134,0.0
1738202072,107.23,107.268,0.0,0,1738202072308,134,0.0
1738202073,107.231,107.269,0.0,0,1738202073594,134,0.0
1738202074,107.228,107.266,0.0,0,1738202074687,134,0.0
1738202077,107.229,107.267,0.0,0,1738202077110,134,0.0
1738202080,107.23,107.268,0.0,0,1738202080950,134,0.0
1738202082,107.229,107.267,0.0,0,1738202082223,134,0.0
1738202084,107.223,107.261,0.0,0,1738202084649,134,0.0
1738202085,107.226,107.264,0.0,0,1738202085701,134,0.0
1738202088,107.22,107.258,0.0,0,1738202088783,134,0.0
1738202089,107.218,107.256,0.0,0,1738202089832,134,0.0
1738202092,107.213,107.251,0.0,0,1738202092160,134,0.0
1738202092,107.207,107.245,0.0,0,1738202092686,134,0.0
1738202094,107.204,107.242,0.0,0,1738202094036,134,0.0
1738202099,107.21,107.248,0.0,0,1738202099272,134,0.0
1738202100,107.209,107.247,0.0,0,1738202100697,134,0.0
1738202101,107.211,107.249,0.0,0,1738202101810,134,0.0
1738202103,107.217,107.255,0.0,0,1738202103239,134,0.0
1738202104,107.219,107.257,0.0,0,1738202104417,134,0.0
1738202105,107.221,107.259,0.0,0,1738202105464,134,0.0
1738202106,107.227,107.265,0.0,0,1738202106888,134,0.0
1738202107,107.228,107.266,0.0,0,1738202107919,134,0.0
1738202109,107.227,107.265,0.0,0,1738202109558,134,0.0
1738202110,107.23,107.268,0.0,0,1738202110717,134,0.0
1738202111,107.236,107.274,0.0,0,1738202111416,134,0.0
1738202112,107.238,107.276,0.0,0,1738202112503,134,0.0
1738202114,107.237,107.275,0.0,0,1738202114196,134,0.0
1738202115,107.238,107.276,0.0,0,1738202115337,134,0.0
1738202115,107.232,107.27,0.0,0,1738202115613,134,0.0
1738202116,107.23,107.268,0.0,0,1738202116744,134,0.0
1738202117,107.231,107.269,0.0,0,1738202117762,134,0.0
1738202120,107.23,107.268,0.0,0,1738202120021,134,0.0
1738202132,107.229,107.267,0.0,0,1738202132344,134,0.0
1738202133,107.223,107.261,0.0,0,1738202133913,134,0.0
1738202134,107.219,107.257,0.0,0,1738202134921,134,0.0
1738202135,107.222,107.26,0.0,0,1738202135933,134,0.0
1738202137,107.223,107.261,0.0,0,1738202137034,134,0.0
1738202139,107.224,107.262,0.0,0,1738202139104,134,0.0
1738202140,107.227,107.265,0.0,0,1738202140232,134,0.0
1738202142,107.224,107.262,0.0,0,1738202142102,134,0.0
1738202145,107.223,107.261,0.0,0,1738202145296,134,0.0
1738202146,107.222,107.26,0.0,0,1738202146597,134,0.0
1738202147,107.223,107.261,0.0,0,1738202147633,134,0.0
1738202148,107.224,107.262,0.0,0,1738202148634,134,0.0
1738202149,107.227,107.265,0.0,0,1738202149637,134,0.0
1738202151,107.223,107.261,0.0,0,1738202151010,134,0.0
1738202155,107.229,107.267,0.0,0,1738202155618,134,0.0
1738202156,107.23,107.268,0.0,0,1738202156620,134,0.0
1738202157,107.229,107.267,0.0,0,1738202157646,134,0.0
1738202158,107.227,107.265,0.0,0,1738202158654,134,0.0
1738202159,107.224,107.262,0.0,0,1738202159771,134,0.0
1738202161,107.223,107.261,0.0,0,1738202161094,134,0.0
1738202162,107.225,107.263,0.0,0,1738202162104,134,0.0
1738202163,107.226,107.264,0.0,0,1738202163602,134,0.0
1738202164,107.225,107.263,0.0,0,1738202164903,134,0.0
1738202165,107.226,107.264,0.0,0,1738202165908,134,0.0
1738202168,107.225,107.263,0.0,0,1738202168732,134,0.0
1738202169,107.231,107.269,0.0,0,1738202169610,134,0.0
1738202170,107.233,107.271,0.0,0,1738202170616,134,0.0
1738202171,107.235,107.273,0.0,0,1738202171624,134,0.0
1738202173,107.232,107.27,0.0,0,1738202173680,134,0.0
1738202178,107.231,107.269,0.0,0,1738202178449,134,0.0
1738202183,107.23,107.268,0.0,0,1738202183760,134,0.0
1738202189,107.232,107.27,0.0,0,1738202189060,134,0.0
1738202191,107.231,107.269,0.0,0,1738202191011,134,0.0
1738202192,107.23,107.268,0.0,0,1738202192204,134,0.0
1738202196,107.225,107.263,0.0,0,1738202196539,134,0.0
1738202200,107.224,107.262,0.0,0,1738202200607,134,0.0
1738202201,107.229,107.267,0.0,0,1738202201153,134,0.0
1738202202,107.231,107.269,0.0,0,1738202202172,134,0.0
1738202203,107.232,107.27,0.0,0,1738202203392,134,0.0
1738202204,107.229,107.267,0.0,0,1738202204513,134,0.0
1738202208,107.23,107.268,0.0,0,1738202208110,134,0.0
1738202210,107.231,107.269,0.0,0,1738202210413,134,0.0
1738202211,107.232,107.27,0.0,0,1738202211489,134,0.0
1738202212,107.231,107.269,0.0,0,1738202212573,134,0.0
1738202220,107.231,107.269,0.0,0,1738202220413,130,0.0
1738202223,107.232,107.27,0.0,0,1738202223540,134,0.0
1738202224,107.23,107.268,0.0,0,1738202224688,134,0.0
1738202226,107.228,107.266,0.0,0,1738202226645,134,0.0
1738202230,107.226,107.264,0.0,0,1738202230502,134,0.0
1738202231,107.225,107.263,0.0,0,1738202231524,134,0.0
1738202232,107.228,107.266,0.0,0,1738202232865,134,0.0
1738202233,107.229,107.267,0.0,0,1738202233984,134,0.0
1738202237,107.228,107.266,0.0,0,1738202237844,134,0.0
1738202241,107.229,107.267,0.0,0,1738202241415,134,0.0
1738202246,107.23,107.268,0.0,0,1738202246006,134,0.0
1738202247,107.235,107.273,0.0,0,1738202247144,134,0.0
1738202248,107.231,107.269,0.0,0,1738202248356,134,0.0
1738202249,107.232,107.27,0.0,0,1738202249600,134,0.0
1738202250,107.234,107.272,0.0,0,1738202250905,134,0.0
1738202252,107.233,107.271,0.0,0,1738202252131,134,0.0
1738202255,107.239,107.277,0.0,0,1738202255510,134,0.0
1738202256,107.243,107.281,0.0,0,1738202256603,134,0.0
1738202257,107.242,107.28,0.0,0,1738202257770,134,0.0
1738202259,107.243,107.281,0.0,0,1738202259830,134,0.0
1738202262,107.242,107.28,0.0,0,1738202262037,134,0.0
1738202263,107.248,107.286,0.0,0,1738202263532,134,0.0
1738202264,107.254,107.292,0.0,0,1738202264261,134,0.0
1738202265,107.256,107.294,0.0,0,1738202265408,134,0.0
1738202266,107.255,107.293,0.0,0,1738202266626,134,0.0
1738202271,107.252,107.29,0.0,0,1738202271794,134,0.0
1738202272,107.246,107.284,0.0,0,1738202272648,134,0.0
1738202276,107.247,107.285,0.0,0,1738202276208,134,0.0
1738202277,107.246,107.284,0.0,0,1738202277210,134,0.0
1738202280,107.246,107.284,0.0,0,1738202280493,130,0.0
1738202281,107.248,107.286,0.0,0,1738202281966,134,0.0
1738202282,107.247,107.285,0.0,0,1738202282977,134,0.0
1738202284,107.249,107.287,0.0,0,1738202284043,134,0.0
1738202286,107.255,107.293,0.0,0,1738202286529,134,0.0
1738202287,107.257,107.295,0.0,0,1738202287610,134,0.0
1738202288,107.263,107.301,0.0,0,1738202288977,134,0.0
1738202290,107.265,107.303,0.0,0,1738202290010,134,0.0
1738202292,107.266,107.304,0.0,0,1738202292047,134,0.0
1738202293,107.27,107.308,0.0,0,1738202293052,134,0.0
1738202294,107.269,107.307,0.0,0,1738202294532,134,0.0
1738202295,107.27,107.308,0.0,0,1738202295980,134,0.0
1738202299,107.272,107.31,0.0,0,1738202299277,134,0.0
1738202300,107.271,107.309,0.0,0,1738202300454,134,0.0
1738202302,107.27,107.308,0.0,0,1738202302957,134,0.0
1738202311,107.272,107.31,0.0,0,1738202311064,134,0.0
1738202312,107.273,107.311,0.0,0,1738202312166,134,0.0
1738202314,107.272,107.31,0.0,0,1738202314366,134,0.0
1738202316,107.27,107.308,0.0,0,1738202316609,134,0.0
1738202318,107.267,107.305,0.0,0,1738202318279,134,0.0
1738202319,107.27,107.308,0.0,0,1738202319468,134,0.0
1738202320,107.269,107.307,0.0,0,1738202320488,134,0.0
1738202321,107.268,107.306,0.0,0,1738202321586,134,0.0
1738202322,107.263,107.301,0.0,0,1738202322489,134,0.0
1738202323,107.262,107.3,0.0,0,1738202323942,134,0.0
1738202324,107.263,107.301,0.0,0,1738202324999,134,0.0
1738202326,107.268,107.306,0.0,0,1738202326924,134,0.0
1738202334,107.267,107.305,0.0,0,1738202334701,134,0.0
1738202340,107.267,107.305,0.0,0,1738202340104,130,0.0
1738202341,107.266,107.304,0.0,0,1738202341300,134,0.0
1738202342,107.265,107.303,0.0,0,1738202342921,134,0.0
1738202347,107.264,107.302,0.0,0,1738202347374,134,0.0
1738202348,107.263,107.301,0.0,0,1738202348399,134,0.0
1738202349,107.266,107.304,0.0,0,1738202349461,134,0.0
1738202350,107.262,107.3,0.0,0,1738202350480,134,0.0
1738202351,107.259,107.297,0.0,0,1738202351499,134,0.0
1738202353,107.261,107.299,0.0,0,1738202353013,134,0.0
1738202354,107.262,107.3,0.0,0,1738202354430,134,0.0
1738202355,107.261,107.299,0.0,0,1738202355642,134,0.0
1738202356,107.259,107.297,0.0,0,1738202356648,134,0.0
1738202358,107.261,107.299,0.0,0,1738202358813,134,0.0
1738202359,107.263,107.301,0.0,0,1738202359902,134,0.0
1738202362,107.262,107.3,0.0,0,1738202362018,134,0.0
1738202363,107.263,107.301,0.0,0,1738202363290,134,0.0
1738202365,107.262,107.3,0.0,0,1738202365498,134,0.0
1738202366,107.263,107.301,0.0,0,1738202366621,134,0.0
1738202367,107.261,107.299,0.0,0,1738202367632,134,0.0
1738202370,107.264,107.302,0.0,0,1738202370952,134,0.0
1738202373,107.265,107.303,0.0,0,1738202373512,134,0.0
1738202376,107.264,107.302,0.0,0,1738202376611,134,0.0
1738202377,107.265,107.303,0.0,0,1738202377899,134,0.0
1738202379,107.264,107.302,0.0,0,1738202379266,134,0.0
1738202382,107.27,107.308,0.0,0,1738202382725,134,0.0
1738202383,107.265,107.303,0.0,0,1738202383758,134,0.0
1738202384,107.269,107.307,0.0,0,1738202384760,134,0.0
1738202386,107.272,107.31,0.0,0,1738202386019,134,0.0
1738202387,107.276,107.314,0.0,0,1738202387065,134,0.0
1738202390,107.274,107.312,0.0,0,1738202390069,134,0.0
1738202392,107.277,107.315,0.0,0,1738202392502,134,0.0
1738202395,107.278,107.316,0.0,0,1738202395849,134,0.0
1738202397,107.28,107.318,0.0,0,1738202397244,134,0.0
1738202398,107.278,107.316,0.0,0,1738202398251,134,0.0
1738202398,107.284,107.322,0.0,0,1738202398871,134,0.0
1738202400,107.284,107.322,0.0,0,1738202400039,130,0.0
1738202401,107.283,107.321,0.0,0,1738202401044,134,0.0
1738202404,107.28,107.318,0.0,0,1738202404183,134,0.0
1738202405,107.282,107.32,0.0,0,1738202405208,134,0.0
1738202406,107.277,107.315,0.0,0,1738202406220,134,0.0
1738202407,107.278,107.316,0.0,0,1738202407240,134,0.0
1738202408,107.281,107.319,0.0,0,1738202408279,134,0.0
1738202409,107.282,107.32,0.0,0,1738202409306,134,0.0
1738202411,107.284,107.322,0.0,0,1738202411365,134,0.0
1738202412,107.281,107.319,0.0,0,1738202412454,134,0.0
1738202413,107.28,107.318,0.0,0,1738202413483,134,0.0
1738202416,107.277,107.315,0.0,0,1738202416951,134,0.0
1738202419,107.272,107.31,0.0,0,1738202419681,134,0.0
1738202420,107.271,107.309,0.0,0,1738202420991,134,0.0
1738202422,107.269,107.307,0.0,0,1738202422275,134,0.0
1738202423,107.273,107.311,0.0,0,1738202423745,134,0.0
1738202425,107.274,107.312,0.0,0,1738202425193,134,0.0
1738202432,107.277,107.315,0.0,0,1738202432506,134,0.0
1738202433,107.279,107.317,0.0,0,1738202433620,134,0.0
1738202436,107.282,107.32,0.0,0,1738202436720,134,0.0
1738202440,107.283,107.321,0.0,0,1738202440167,134,0.0
1738202443,107.281,107.319,0.0,0,1738202443522,134,0.0
1738202446,107.278,107.316,0.0,0,1738202446301,134,0.0
1738202448,107.275,107.313,0.0,0,1738202448132,134,0.0
1738202449,107.274,107.312,0.0,0,1738202449140,134,0.0
1738202450,107.28,107.318,0.0,0,1738202450350,134,0.0
1738202453,107.279,107.317,0.0,0,1738202453560,134,0.0
1738202455,107.28,107.318,0.0,0,1738202455577,134,0.0
1738202457,107.279,107.317,0.0,0,1738202457649,134,0.0
1738202459,107.278,107.316,0.0,0,1738202459111,134,0.0
1738202460,107.275,107.313,0.0,0,1738202460126,134,0.0
1738202461,107.273,107.311,0.0,0,1738202461204,134,0.0
1738202463,107.272,107.31,0.0,0,1738202463652,134,0.0
1738202467,107.275,107.313,0.0,0,1738202467117,134,0.0
1738202468,107.272,107.31,0.0,0,1738202468127,134,0.0
1738202469,107.273,107.311,0.0,0,1738202469130,134,0.0
1738202474,107.275,107.313,0.0,0,1738202474425,134,0.0
1738202475,107.274,107.312,0.0,0,1738202475497,134,0.0
1738202481,107.275,107.313,0.0,0,1738202481123,134,0.0
1738202484,107.272,107.31,0.0,0,1738202484838,134,0.0
1738202487,107.271,107.309,0.0,0,1738202487189,134,0.0
1738202488,107.269,107.307,0.0,0,1738202488498,134,0.0
1738202494,107.263,107.301,0.0,0,1738202494517,134,0.0
1738202497,107.265,107.303,0.0,0,1738202497004,134,0.0
1738202498,107.261,107.299,0.0,0,1738202498006,134,0.0
1738202499,107.257,107.295,0.0,0,1738202499026,134,0.0
1738202500,107.256,107.294,0.0,0,1738202500131,134,0.0
1738202501,107.26,107.298,0.0,0,1738202501132,134,0.0
1738202502,107.261,107.299,0.0,0,1738202502153,134,0.0
1738202503,107.258,107.296,0.0,0,1738202503177,134,0.0
1738202504,107.264,107.302,0.0,0,1738202504046,134,0.0
1738202505,107.266,107.304,0.0,0,1738202505659,134,0.0
1738202509,107.268,107.306,0.0,0,1738202509002,134,0.0
1738202511,107.27,107.308,0.0,0,1738202511079,134,0.0
1738202512,107.274,107.312,0.0,0,1738202512100,134,0.0
1738202519,107.273,107.311,0.0,0,1738202519934,134,0.0
1738202521,107.273,107.311,0.0,0,1738202521329,130,0.0
1738202524,107.277,107.315,0.0,0,1738202524436,134,0.0
1738202525,107.278,107.316,0.0,0,1738202525608,134,0.0
1738202526,107.279,107.317,0.0,0,1738202526627,134,0.0
1738202527,107.28,107.318,0.0,0,1738202527636,134,0.0
1738202528,107.281,107.319,0.0,0,1738202528760,134,0.0
1738202529,107.285,107.323,0.0,0,1738202529831,134,0.0
1738202536,107.286,107.324,0.0,0,1738202536132,134,0.0
1738202538,107.291,107.329,0.0,0,1738202538300,134,0.0
1738202539,107.292,107.33,0.0,0,1738202539308,134,0.0
1738202540,107.291,107.329,0.0,0,1738202540314,134,0.0
1738202541,107.292,107.33,0.0,0,1738202541341,134,0.0
1738202542,107.294,107.332,0.0,0,1738202542397,134,0.0
1738202544,107.295,107.333,0.0,0,1738202544705,134,0.0
1738202545,107.29,107.328,0.0,0,1738202545753,134,0.0
1738202546,107.289,107.327,0.0,0,1738202546846,134,0.0
1738202548,107.285,107.323,0.0,0,1738202548973,134,0.0
1738202557,107.284,107.322,0.0,0,1738202557494,134,0.0
1738202558,107.283,107.321,0.0,0,1738202558497,134,0.0
1738202560,107.282,107.32,0.0,0,1738202560066,134,0.0
1738202562,107.277,107.315,0.0,0,1738202562973,134,0.0
1738202563,107.27,107.308,0.0,0,1738202563854,134,0.0
1738202564,107.267,107.305,0.0,0,1738202564893,134,0.0
1738202565,107.269,107.307,0.0,0,1738202565969,134,0.0
1738202570,107.268,107.306,0.0,0,1738202570152,134,0.0
1738202572,107.266,107.304,0.0,0,1738202572371,134,0.0
1738202575,107.265,107.303,0.0,0,1738202575083,134,0.0
1738202580,107.265,107.303,0.0,0,1738202580769,130,0.0
1738202582,107.264,107.302,0.0,0,1738202582565,134,0.0
1738202583,107.263,107.301,0.0,0,1738202583612,134,0.0
1738202587,107.259,107.297,0.0,0,1738202587399,134,0.0
1738202594,107.26,107.298,0.0,0,1738202594640,134,0.0
1738202596,107.261,107.299,0.0,0,1738202596840,134,0.0
1738202599,107.26,107.298,0.0,0,1738202599664,134,0.0
1738202606,107.256,107.294,0.0,0,1738202606836,134,0.0
1738202613,107.257,107.295,0.0,0,1738202613647,134,0.0
1738202620,107.253,107.291,0.0,0,1738202620061,134,0.0
1738202621,107.251,107.289,0.0,0,1738202621086,134,0.0
1738202622,107.25,107.288,0.0,0,1738202622538,134,0.0
1738202623,107.249,107.287,0.0,0,1738202623886,134,0.0
1738202625,107.25,107.288,0.0,0,1738202625004,134,0.0
1738202626,107.249,107.287,0.0,0,1738202626119,134,0.0
1738202627,107.251,107.289,0.0,0,1738202627137,134,0.0
1738202631,107.25,107.288,0.0,0,1738202631489,134,0.0
1738202634,107.251,107.289,0.0,0,1738202634855,134,0.0
1738202636,107.246,107.284,0.0,0,1738202636158,134,0.0
1738202638,107.247,107.285,0.0,0,1738202638294,134,0.0
1738202640,107.247,107.285,0.0,0,1738202640382,130,0.0
1738202644,107.241,107.279,0.0,0,1738202644286,134,0.0
1738202645,107.239,107.277,0.0,0,1738202645295,134,0.0
1738202647,107.24,107.278,0.0,0,1738202647525,134,0.0
1738202650,107.239,107.277,0.0,0,1738202650187,134,0.0
1738202654,107.237,107.275,0.0,0,1738202654474,134,0.0
1738202657,107.235,107.273,0.0,0,1738202657499,134,0.0
1738202661,107.237,107.275,0.0,0,1738202661103,134,0.0
1738202661,107.231,107.269,0.0,0,1738202661564,134,0.0
1738202662,107.229,107.267,0.0,0,1738202662684,134,0.0
1738202664,107.23,107.268,0.0,0,1738202664346,134,0.0
1738202669,107.231,107.269,0.0,0,1738202669235,134,0.0
1738202672,107.23,107.268,0.0,0,1738202672583,134,0.0
1738202673,107.231,107.269,0.0,0,1738202673606,134,0.0
1738202675,107.23,107.268,0.0,0,1738202675847,134,0.0
1738202684,107.229,107.267,0.0,0,1738202684646,134,0.0
1738202685,107.23,107.268,0.0,0,1738202685698,134,0.0
1738202690,107.231,107.269,0.0,0,1738202690620,134,0.0
1738202693,107.232,107.27,0.0,0,1738202693733,134,0.0
1738202694,107.231,107.269,0.0,0,1738202694777,134,0.0
1738202696,107.23,107.268,0.0,0,1738202696942,134,0.0
1738202697,107.229,107.267,0.0,0,1738202697996,134,0.0
1738202700,107.229,107.267,0.0,0,1738202700208,130,0.0
1738202701,107.23,107.268,0.0,0,1738202701813,134,0.0
1738202704,107.229,107.267,0.0,0,1738202704002,134,0.0
1738202716,107.228,107.266,0.0,0,1738202716151,134,0.0
1738202716,107.219,107.257,0.0,0,1738202716705,134,0.0
1738202719,107.215,107.253,0.0,0,1738202719874,134,0.0
1738202724,107.209,107.247,0.0,0,1738202724469,134,0.0
1738202725,107.205,107.243,0.0,0,1738202725472,134,0.0
1738202726,107.206,107.244,0.0,0,1738202726673,134,0.0
1738202728,107.204,107.242,0.0,0,1738202728185,134,0.0
1738202728,107.198,107.236,0.0,0,1738202728645,134,0.0
1738202730,107.192,107.23,0.0,0,1738202730039,134,0.0
1738202730,107.186,107.224,0.0,0,1738202730638,134,0.0
1738202731,107.191,107.229,0.0,0,1738202731643,134,0.0
1738202732,107.194,107.232,0.0,0,1738202732696,134,0.0
1738202733,107.197,107.235,0.0,0,1738202733881,134,0.0
1738202736,107.198,107.236,0.0,0,1738202736067,134,0.0
1738202736,107.204,107.242,0.0,0,1738202736663,134,0.0
1738202736,107.209,107.247,0.0,0,1738202736714,134,0.0
1738202737,107.208,107.246,0.0,0,1738202737823,134,0.0
1738202739,107.206,107.244,0.0,0,1738202739848,134,0.0
1738202741,107.205,107.243,0.0,0,1738202741114,134,0.0
1738202742,107.203,107.241,0.0,0,1738202742210,134,0.0
1738202743,107.206,107.244,0.0,0,1738202743239,134,0.0
1738202744,107.207,107.245,0.0,0,1738202744514,134,0.0
1738202745,107.209,107.247,0.0,0,1738202745561,134,0.0
1738202750,107.21,107.248,0.0,0,1738202750443,134,0.0
1738202751,107.211,107.249,0.0,0,1738202751481,134,0.0
1738202753,107.21,107.248,0.0,0,1738202753665,134,0.0
1738202753,107.216,107.254,0.0,0,1738202753963,134,0.0
1738202754,107.222,107.26,0.0,0,1738202754174,134,0.0
1738202755,107.224,107.262,0.0,0,1738202755500,134,0.0
1738202759,107.219,107.257,0.0,0,1738202759275,134,0.0
1738202760,107.218,107.256,0.0,0,1738202760317,134,0.0
1738202762,107.213,107.251,0.0,0,1738202762494,134,0.0
1738202763,107.212,107.25,0.0,0,1738202763702,134,0.0
1738202764,107.211,107.249,0.0,0,1738202764719,134,0.0
1738202765,107.212,107.25,0.0,0,1738202765790,134,0.0
1738202769,107.21,107.248,0.0,0,1738202769845,134,0.0
1738202771,107.206,107.244,0.0,0,1738202771882,134,0.0
1738202775,107.2,107.238,0.0,0,1738202775687,134,0.0
1738202777,107.198,107.236,0.0,0,1738202777861,134,0.0
1738202779,107.192,107.23,0.0,0,1738202779055,134,0.0
1738202780,107.19,107.228,0.0,0,1738202780068,134,0.0
1738202781,107.189,107.227,0.0,0,1738202781069,134,0.0
1738202782,107.185,107.223,0.0,0,1738202782184,134,0.0
1738202784,107.184,107.222,0.0,0,1738202784414,134,0.0
1738202785,107.186,107.224,0.0,0,1738202785418,134,0.0
1738202786,107.189,107.227,0.0,0,1738202786446,134,0.0
1738202787,107.194,107.232,0.0,0,1738202787010,134,0.0
1738202788,107.196,107.234,0.0,0,1738202788094,134,0.0
1738202789,107.198,107.236,0.0,0,1738202789284,134,0.0
1738202789,107.204,107.242,0.0,0,1738202789908,134,0.0
1738202790,107.21,107.248,0.0,0,1738202790250,134,0.0
1738202792,107.208,107.246,0.0,0,1738202792289,134,0.0
1738202792,107.202,107.24,0.0,0,1738202792361,134,0.0
1738202794,107.203,107.241,0.0,0,1738202794289,134,0.0
1738202794,107.209,107.247,0.0,0,1738202794351,134,0.0
1738202795,107.213,107.251,0.0,0,1738202795388,134,0.0
1738202799,107.212,107.25,0.0,0,1738202799051,134,0.0
1738202800,107.21,107.248,0.0,0,1738202800140,134,0.0
1738202801,107.212,107.25,0.0,0,1738202801148,134,0.0
1738202803,107.213,107.251,0.0,0,1738202803298,134,0.0
1738202804,107.208,107.246,0.0,0,1738202804952,134,0.0
1738202807,107.209,107.247,0.0,0,1738202807443,134,0.0
1738202808,107.212,107.25,0.0,0,1738202808453,134,0.0
1738202809,107.211,107.249,0.0,0,1738202809476,134,0.0
1738202810,107.206,107.244,0.0,0,1738202810126,134,0.0
1738202810,107.2,107.238,0.0,0,1738202810164,134,0.0
1738202811,107.198,107.236,0.0,0,1738202811206,134,0.0
1738202812,107.193,107.231,0.0,0,1738202812211,134,0.0
1738202813,107.191,107.229,0.0,0,1738202813267,134,0.0
1738202816,107.19,107.228,0.0,0,1738202816961,134,0.0
1738202819,107.191,107.229,0.0,0,1738202819058,134,0.0
1738202820,107.191,107.229,0.0,0,1738202820112,130,0.0
1738202821,107.19,107.228,0.0,0,1738202821345,134,0.0
1738202823,107.191,107.229,0.0,0,1738202823581,134,0.0
1738202825,107.185,107.223,0.0,0,1738202825023,134,0.0
1738202825,107.179,107.217,0.0,0,1738202825141,134,0.0
1738202825,107.173,107.211,0.0,0,1738202825560,134,0.0
1738202826,107.167,107.205,0.0,0,1738202826380,134,0.0
1738202827,107.165,107.203,0.0,0,1738202827429,134,0.0
1738202828,107.168,107.206,0.0,0,1738202828536,134,0.0
1738202828,107.174,107.212,0.0,0,1738202828935,134,0.0
1738202829,107.179,107.217,0.0,0,1738202829860,134,0.0
1738202830,107.177,107.215,0.0,0,1738202830871,134,0.0
1738202833,107.173,107.211,0.0,0,1738202833044,134,0.0
1738202834,107.172,107.21,0.0,0,1738202834317,134,0.0
1738202835,107.178,107.216,0.0,0,1738202835141,134,0.0
1738202836,107.179,107.217,0.0,0,1738202836205,134,0.0
1738202837,107.177,107.215,0.0,0,1738202837589,134,0.0
1738202838,107.173,107.211,0.0,0,1738202838763,134,0.0
1738202839,107.172,107.21,0.0,0,1738202839776,134,0.0
1738202840,107.175,107.213,0.0,0,1738202840924,134,0.0
1738202844,107.17,107.208,0.0,0,1738202844163,134,0.0
1738202847,107.169,107.207,0.0,0,1738202847663,134,0.0
1738202852,107.163,107.201,0.0,0,1738202852062,134,0.0
1738202852,107.169,107.207,0.0,0,1738202852872,134,0.0
1738202853,107.168,107.206,0.0,0,1738202853908,134,0.0
1738202854,107.173,107.211,0.0,0,1738202854902,134,0.0
1738202856,107.172,107.21,0.0,0,1738202856112,134,0.0
1738202857,107.171,107.209,0.0,0,1738202857194,134,0.0
1738202857,107.178,107.216,0.0,0,1738202857279,134,0.0
1738202858,107.181,107.219,0.0,0,1738202858297,134,0.0
1738202858,107.187,107.225,0.0,0,1738202858631,134,0.0
1738202860,107.188,107.226,0.0,0,1738202860680,134,0.0
1738202861,107.194,107.232,0.0,0,1738202861491,134,0.0
1738202862,107.188,107.226,0.0,0,1738202862895,134,0.0
1738202863,107.185,107.223,0.0,0,1738202863964,134,0.0
1738202865,107.184,107.222,0.0,0,1738202865455,134,0.0
1738202866,107.185,107.223,0.0,0,1738202866548,134,0.0
1738202869,107.184,107.222,0.0,0,1738202869869,134,0.0
1738202870,107.18,107.218,0.0,0,1738202870871,134,0.0
1738202871,107.177,107.215,0.0,0,1738202871900,134,0.0
1738202873,107.176,107.214,0.0,0,1738202873491,134,0.0
1738202874,107.174,107.212,0.0,0,1738202874634,134,0.0
1738202876,107.173,107.211,0.0,0,1738202876432,134,0.0
1738202878,107.167,107.205,0.0,0,1738202878856,134,0.0
1738202879,107.168,107.206,0.0,0,1738202879878,134,0.0
1738202880,107.169,107.207,0.0,0,1738202880932,134,0.0
1738202881,107.17,107.208,0.0,0,1738202881964,134,0.0
1738202884,107.172,107.21,0.0,0,1738202884121,134,0.0
1738202885,107.174,107.212,0.0,0,1738202885209,134,0.0
1738202886,107.175,107.213,0.0,0,1738202886254,134,0.0
1738202887,107.181,107.219,0.0,0,1738202887834,134,0.0
1738202890,107.18,107.218,0.0,0,1738202890034,134,0.0
1738202890,107.186,107.224,0.0,0,1738202890898,134,0.0
1738202892,107.188,107.226,0.0,0,1738202892138,134,0.0
1738202893,107.187,107.225,0.0,0,1738202893203,134,0.0
1738202894,107.186,107.224,0.0,0,1738202894746,134,0.0
1738202897,107.187,107.225,0.0,0,1738202897533,134,0.0
1738202898,107.191,107.229,0.0,0,1738202898643,134,0.0
1738202903,107.19,107.228,0.0,0,1738202903567,134,0.0
1738202904,107.189,107.227,0.0,0,1738202904594,134,0.0
1738202905,107.187,107.225,0.0,0,1738202905986,134,0.0
1738202907,107.188,107.226,0.0,0,1738202907099,134,0.0
1738202908,107.187,107.225,0.0,0,1738202908152,134,0.0
1738202911,107.188,107.226,0.0,0,1738202911489,134,0.0
1738202912,107.187,107.225,0.0,0,1738202912852,134,0.0
1738202913,107.184,107.222,0.0,0,1738202913902,134,0.0
1738202917,107.182,107.22,0.0,0,1738202917185,134,0.0
1738202919,107.183,107.221,0.0,0,1738202919018,134,0.0
1738202920,107.185,107.223,0.0,0,1738202920368,134,0.0
1738202922,107.184,107.222,0.0,0,1738202922145,134,0.0
1738202927,107.183,107.221,0.0,0,1738202927709,134,0.0
1738202931,107.182,107.22,0.0,0,1738202931536,134,0.0
1738202933,107.181,107.219,0.0,0,1738202933657,134,0.0
1738202935,107.182,107.22,0.0,0,1738202935530,134,0.0
1738202937,107.181,107.219,0.0,0,1738202937415,134,0.0
1738202940,107.181,107.219,0.0,0,1738202940203,130,0.0
1738202944,107.18,107.218,0.0,0,1738202944109,134,0.0
1738202950,107.183,107.221,0.0,0,1738202950125,134,0.0
1738202951,107.181,107.219,0.0,0,1738202951863,134,0.0
1738202954,107.182,107.22,0.0,0,1738202954130,134,0.0
1738202955,107.188,107.226,0.0,0,1738202955448,134,0.0
1738202956,107.186,107.224,0.0,0,1738202956508,134,0.0
1738202957,107.188,107.226,0.0,0,1738202957626,134,0.0
1738202957,107.194,107.232,0.0,0,1738202957685,134,0.0
1738202959,107.197,107.235,0.0,0,1738202959027,134,0.0
1738202960,107.199,107.237,0.0,0,1738202960027,134,0.0
1738202960,107.204,107.242,0.0,0,1738202960373,134,0.0
1738202961,107.2,107.238,0.0,0,1738202961419,134,0.0
1738202965,107.199,107.237,0.0,0,1738202965387,134,0.0
1738202966,107.203,107.241,0.0,0,1738202966398,134,0.0
1738202967,107.201,107.239,0.0,0,1738202967412,134,0.0
1738202968,107.203,107.241,0.0,0,1738202968656,134,0.0
1738202969,107.204,107.242,0.0,0,1738202969724,134,0.0
1738202970,107.206,107.244,0.0,0,1738202970945,134,0.0
1738202972,107.205,107.243,0.0,0,1738202972119,134,0.0
1738202980,107.211,107.249,0.0,0,1738202980059,134,0.0
1738202981,107.216,107.254,0.0,0,1738202981085,134,0.0
1738202982,107.215,107.253,0.0,0,1738202982587,134,0.0
1738202985,107.217,107.255,0.0,0,1738202985276,134,0.0
1738202990,107.219,107.257,0.0,0,1738202990052,134,0.0
1738202990,107.214,107.252,0.0,0,1738202990438,134,0.0
1738202991,107.211,107.249,0.0,0,1738202991472,134,0.0
1738202992,107.206,107.244,0.0,0,1738202992496,134,0.0
1738202995,107.205,107.243,0.0,0,1738202995067,134,0.0
1738202996,107.202,107.24,0.0,0,1738202996202,134,0.0
1738202997,107.205,107.243,0.0,0,1738202997236,134,0.0
1738202998,107.202,107.24,0.0,0,1738202998243,134,0.0
1738202999,107.208,107.246,0.0,0,1738202999053,134,0.0
1738203000,107.21,107.248,0.0,0,1738203000133,134,0.0
1738203001,107.208,107.246,0.0,0,1738203001175,134,0.0
1738203002,107.207,107.245,0.0,0,1738203002319,134,0.0
1738203003,107.206,107.244,0.0,0,1738203003853,134,0.0
1738203005,107.202,107.24,0.0,0,1738203005059,134,0.0
1738203007,107.203,107.241,0.0,0,1738203007319,134,0.0
1738203008,107.2,107.238,0.0,0,1738203008320,134,0.0
1738203008,107.195,107.233,0.0,0,1738203008762,134,0.0
1738203009,107.193,107.231,0.0,0,1738203009998,134,0.0
1738203011,107.192,107.23,0.0,0,1738203011477,134,0.0
1738203017,107.195,107.233,0.0,0,1738203017110,134,0.0
1738203019,107.196,107.234,0.0,0,1738203019651,134,0.0
1738203022,107.195,107.233,0.0,0,1738203022884,134,0.0
1738203029,107.199,107.237,0.0,0,1738203029602,134,0.0
1738203029,107.194,107.232,0.0,0,1738203029753,134,0.0
1738203030,107.193,107.231,0.0,0,1738203030771,134,0.0
1738203033,107.195,107.233,0.0,0,1738203033093,134,0.0
1738203035,107.194,107.232,0.0,0,1738203035842,134,0.0
1738203037,107.195,107.233,0.0,0,1738203037110,134,0.0
1738203042,107.194,107.232,0.0,0,1738203042112,134,0.0
1738203043,107.193,107.231,0.0,0,1738203043205,134,0.0
1738203046,107.192,107.23,0.0,0,1738203046325,134,0.0
1738203046,107.186,107.224,0.0,0,1738203046638,134,0.0
1738203048,107.184,107.222,0.0,0,1738203048748,134,0.0
1738203051,107.186,107.224,0.0,0,1738203051884,134,0.0
1738203052,107.188,107.226,0.0,0,1738203052925,134,0.0
1738203055,107.187,107.225,0.0,0,1738203055095,134,0.0
1738203056,107.188,107.226,0.0,0,1738203056311,134,0.0
1738203060,107.188,107.226,0.0,0,1738203060384,130,0.0
1738203061,107.187,107.225,0.0,0,1738203061845,134,0.0
1738203062,107.191,107.229,0.0,0,1738203062857,134,0.0
1738203063,107.185,107.223,0.0,0,1738203063178,134,0.0
1738203064,107.186,107.224,0.0,0,1738203064509,134,0.0
1738203065,107.192,107.23,0.0,0,1738203065904,134,0.0
1738203067,107.193,107.231,0.0,0,1738203067352,134,0.0
1738203068,107.192,107.23,0.0,0,1738203068401,134,0.0
1738203076,107.19,107.228,0.0,0,1738203076816,134,0.0
1738203078,107.189,107.227,0.0,0,1738203078181,134,0.0
1738203080,107.188,107.226,0.0,0,1738203080532,134,0.0
1738203084,107.185,107.223,0.0,0,1738203084132,134,0.0
1738203089,107.179,107.217,0.0,0,1738203089146,134,0.0
1738203090,107.177,107.215,0.0,0,1738203090147,134,0.0
1738203092,107.178,107.216,0.0,0,1738203092366,134,0.0
1738203093,107.177,107.215,0.0,0,1738203093658,134,0.0
1738203097,107.175,107.213,0.0,0,1738203097704,134,0.0
1738203098,107.176,107.214,0.0,0,1738203098804,134,0.0
1738203100,107.173,107.211,0.0,0,1738203100859,134,0.0
1738203105,107.174,107.212,0.0,0,1738203105317,134,0.0
1738203114,107.175,107.213,0.0,0,1738203114183,134,0.0
1738203115,107.178,107.216,0.0,0,1738203115211,134,0.0
1738203116,107.177,107.215,0.0,0,1738203116307,134,0.0
1738203117,107.171,107.209,0.0,0,1738203117743,134,0.0
1738203118,107.169,107.207,0.0,0,1738203118801,134,0.0
1738203121,107.169,107.207,0.0,0,1738203121047,130,0.0
1738203123,107.175,107.213,0.0,0,1738203123012,134,0.0
1738203124,107.179,107.217,0.0,0,1738203124022,134,0.0
1738203125,107.175,107.213,0.0,0,1738203125103,134,0.0
1738203125,107.18,107.218,0.0,0,1738203125951,134,0.0
1738203125,107.186,107.224,0.0,0,1738203125972,134,0.0
1738203126,107.19,107.228,0.0,0,1738203126977,134,0.0
1738203129,107.191,107.229,0.0,0,1738203129322,134,0.0
1738203132,107.19,107.228,0.0,0,1738203132751,134,0.0
1738203135,107.191,107.229,0.0,0,1738203135480,134,0.0
1738203137,107.19,107.228,0.0,0,1738203137449,134,0.0
1738203140,107.192,107.23,0.0,0,1738203140009,134,0.0
1738203141,107.195,107.233,0.0,0,1738203141010,134,0.0
1738203143,107.197,107.235,0.0,0,1738203143340,134,0.0
1738203143,107.202,107.24,0.0,0,1738203143385,134,0.0
1738203144,107.205,107.243,0.0,0,1738203144407,134,0.0
1738203145,107.207,107.245,0.0,0,1738203145611,134,0.0
1738203146,107.205,107.243,0.0,0,1738203146919,134,0.0
1738203148,107.207,107.245,0.0,0,1738203148948,134,0.0
1738203153,107.206,107.244,0.0,0,1738203153361,134,0.0
1738203155,107.207,107.245,0.0,0,1738203155683,134,0.0
1738203156,107.204,107.242,0.0,0,1738203156932,134,0.0
1738203161,107.21,107.248,0.0,0,1738203161141,134,0.0
1738203162,107.211,107.249,0.0,0,1738203162904,134,0.0
1738203164,107.21,107.248,0.0,0,1738203164026,134,0.0
1738203165,107.213,107.251,0.0,0,1738203165135,134,0.0
1738203166,107.212,107.25,0.0,0,1738203166200,134,0.0
1738203172,107.211,107.249,0.0,0,1738203172280,134,0.0
1738203173,107.21,107.248,0.0,0,1738203173406,134,0.0
1738203176,107.203,107.241,0.0,0,1738203176099,134,0.0
1738203176,107.197,107.235,0.0,0,1738203176160,134,0.0
1738203179,107.199,107.237,0.0,0,1738203179110,134,0.0
1738203180,107.201,107.239,0.0,0,1738203180114,134,0.0
1738203181,107.202,107.24,0.0,0,1738203181167,134,0.0
1738203184,107.198,107.236,0.0,0,1738203184530,134,0.0
1738203185,107.2,107.238,0.0,0,1738203185780,134,0.0
1738203186,107.197,107.235,0.0,0,1738203186894,134,0.0
1738203188,107.199,107.237,0.0,0,1738203188240,134,0.0
1738203190,107.2,107.238,0.0,0,1738203190293,134,0.0
1738203191,107.202,107.24,0.0,0,1738203191755,134,0.0
1738203193,107.204,107.242,0.0,0,1738203193245,134,0.0
1738203195,107.206,107.244,0.0,0,1738203195327,134,0.0
1738203196,107.202,107.24,0.0,0,1738203196383,134,0.0
1738203197,107.201,107.239,0.0,0,1738203197473,134,0.0
1738203202,107.202,107.24,0.0,0,1738203202337,134,0.0
1738203207,107.201,107.239,0.0,0,1738203207286,134,0.0
1738203209,107.202,107.24,0.0,0,1738203209653,134,0.0
1738203211,107.203,107.241,0.0,0,1738203211873,134,0.0
1738203212,107.204,107.242,0.0,0,1738203212878,134,0.0
1738203216,107.205,107.243,0.0,0,1738203216049,134,0.0
1738203221,107.204,107.242,0.0,0,1738203221577,134,0.0
1738203221,107.198,107.236,0.0,0,1738203221913,134,0.0
1738203222,107.197,107.235,0.0,0,1738203222954,134,0.0
1738203225,107.192,107.23,0.0,0,1738203225213,134,0.0
1738203227,107.19,107.228,0.0,0,1738203227271,134,0.0
1738203228,107.189,107.227,0.0,0,1738203228313,134,0.0
1738203229,107.187,107.225,0.0,0,1738203229348,134,0.0
1738203232,107.181,107.219,0.0,0,1738203232517,134,0.0
1738203236,107.182,107.22,0.0,0,1738203236230,134,0.0
1738203237,107.181,107.219,0.0,0,1738203237337,134,0.0
1738203239,107.182,107.22,0.0,0,1738203239312,134,0.0
1738203240,107.182,107.22,0.0,0,1738203240369,130,0.0
1738203241,107.183,107.221,0.0,0,1738203241446,134,0.0
1738203243,107.186,107.224,0.0,0,1738203243507,134,0.0
1738203244,107.185,107.223,0.0,0,1738203244732,134,0.0
1738203245,107.182,107.22,0.0,0,1738203245916,134,0.0
1738203246,107.176,107.214,0.0,0,1738203246379,134,0.0
1738203247,107.177,107.215,0.0,0,1738203247392,134,0.0
1738203248,107.175,107.213,0.0,0,1738203248480,134,0.0
1738203250,107.176,107.214,0.0,0,1738203250821,134,0.0
1738203251,107.173,107.211,0.0,0,1738203251948,134,0.0
1738203252,107.167,107.205,0.0,0,1738203252927,134,0.0
1738203256,107.168,107.206,0.0,0,1738203256392,134,0.0
1738203259,107.169,107.207,0.0,0,1738203259034,134,0.0
1738203260,107.171,107.209,0.0,0,1738203260141,134,0.0
1738203262,107.17,107.208,0.0,0,1738203262751,134,0.0
1738203263,107.171,107.209,0.0,0,1738203263851,134,0.0
1738203265,107.172,107.21,0.0,0,1738203265215,134,0.0
1738203266,107.173,107.211,0.0,0,1738203266240,134,0.0
1738203267,107.171,107.209,0.0,0,1738203267264,134,0.0
1738203268,107.174,107.212,0.0,0,1738203268279,134,0.0
1738203269,107.175,107.213,0.0,0,1738203269501,134,0.0
1738203270,107.173,107.211,0.0,0,1738203270640,134,0.0
1738203271,107.174,107.212,0.0,0,1738203271903,134,0.0
1738203273,107.169,107.207,0.0,0,1738203273208,134,0.0
1738203279,107.17,107.208,0.0,0,1738203279528,134,0.0
1738203281,107.173,107.211,0.0,0,1738203281560,134,0.0
1738203284,107.172,107.21,0.0,0,1738203284087,134,0.0
1738203286,107.174,107.212,0.0,0,1738203286738,134,0.0
1738203290,107.175,107.213,0.0,0,1738203290781,134,0.0
1738203291,107.177,107.215,0.0,0,1738203291895,134,0.0
1738203292,107.178,107.216,0.0,0,1738203292983,134,0.0
1738203295,107.172,107.21,0.0,0,1738203295807,134,0.0
1738203296,107.17,107.208,0.0,0,1738203296885,134,0.0
1738203300,107.17,107.208,0.0,0,1738203300395,130,0.0
1738203303,107.168,107.206,0.0,0,1738203303170,134,0.0
1738203310,107.175,107.213,0.0,0,1738203310868,134,0.0
1738203311,107.176,107.214,0.0,0,1738203311999,134,0.0
1738203317,107.174,107.212,0.0,0,1738203317416,134,0.0
1738203318,107.17,107.208,0.0,0,1738203318424,134,0.0
1738203319,107.168,107.206,0.0,0,1738203319642,134,0.0
1738203321,107.167,107.205,0.0,0,1738203321380,134,0.0
1738203322,107.166,107.204,0.0,0,1738203322473,134,0.0
1738203324,107.165,107.203,0.0,0,1738203324845,134,0.0
1738203326,107.166,107.204,0.0,0,1738203326094,134,0.0
1738203329,107.168,107.206,0.0,0,1738203329270,134,0.0
1738203349,107.174,107.212,0.0,0,1738203349909,134,0.0
1738203350,107.179,107.217,0.0,0,1738203350063,134,0.0
1738203351,107.178,107.216,0.0,0,1738203351111,134,0.0
1738203352,107.179,107.217,0.0,0,1738203352215,134,0.0
1738203355,107.175,107.213,0.0,0,1738203355959,134,0.0
1738203358,107.178,107.216,0.0,0,1738203358929,134,0.0
1738203360,107.179,107.217,0.0,0,1738203360017,134,0.0
1738203361,107.176,107.214,0.0,0,1738203361022,134,0.0
1738203365,107.175,107.213,0.0,0,1738203365623,134,0.0
1738203367,107.172,107.21,0.0,0,1738203367328,134,0.0
1738203368,107.173,107.211,0.0,0,1738203368385,134,0.0
1738203368,107.167,107.205,0.0,0,1738203368461,134,0.0
1738203369,107.162,107.2,0.0,0,1738203369281,134,0.0
1738203370,107.161,107.199,0.0,0,1738203370506,134,0.0
1738203371,107.163,107.201,0.0,0,1738203371817,134,0.0
1738203372,107.161,107.199,0.0,0,1738203372834,134,0.0
1738203375,107.162,107.2,0.0,0,1738203375094,134,0.0
1738203379,107.168,107.206,0.0,0,1738203379218,134,0.0
1738203380,107.171,107.209,0.0,0,1738203380659,134,0.0
1738203381,107.17,107.208,0.0,0,1738203381673,134,0.0
1738203382,107.169,107.207,0.0,0,1738203382701,134,0.0
1738203382,107.164,107.202,0.0,0,1738203382751,134,0.0
1738203384,107.163,107.201,0.0,0,1738203384080,134,0.0
1738203385,107.164,107.202,0.0,0,1738203385178,134,0.0
1738203387,107.163,107.201,0.0,0,1738203387274,134,0.0
1738203389,107.16,107.198,0.0,0,1738203389507,134,0.0
1738203390,107.154,107.192,0.0,0,1738203390015,134,0.0
1738203391,107.152,107.19,0.0,0,1738203391093,134,0.0
1738203392,107.15,107.188,0.0,0,1738203392111,134,0.0
1738203395,107.148,107.186,0.0,0,1738203395350,134,0.0
1738203396,107.146,107.184,0.0,0,1738203396396,134,0.0
1738203399,107.147,107.185,0.0,0,1738203399670,134,0.0
1738203405,107.15,107.188,0.0,0,1738203405736,134,0.0
1738203407,107.151,107.189,0.0,0,1738203407122,134,0.0
1738203409,107.155,107.193,0.0,0,1738203409143,134,0.0
1738203410,107.158,107.196,0.0,0,1738203410149,134,0.0
1738203413,107.159,107.197,0.0,0,1738203413192,134,0.0
1738203416,107.157,107.195,0.0,0,1738203416312,134,0.0
1738203417,107.16,107.198,0.0,0,1738203417328,134,0.0
1738203420,107.16,107.198,0.0,0,1738203420472,130,0.0
1738203421,107.154,107.192,0.0,0,1738203421344,134,0.0
1738203421,107.148,107.186,0.0,0,1738203421414,134,0.0
1738203422,107.147,107.185,0.0,0,1738203422708,134,0.0
1738203427,107.145,107.183,0.0,0,1738203427572,134,0.0
1738203429,107.139,107.177,0.0,0,1738203429727,134,0.0
1738203429,107.133,107.171,0.0,0,1738203429747,134,0.0
1738203430,107.132,107.17,0.0,0,1738203430823,134,0.0
1738203431,107.129,107.167,0.0,0,1738203431871,134,0.0
1738203433,107.131,107.169,0.0,0,1738203433069,134,0.0
1738203438,107.132,107.17,0.0,0,1738203438398,134,0.0
1738203441,107.126,107.164,0.0,0,1738203441369,134,0.0
1738203442,107.125,107.163,0.0,0,1738203442934,134,0.0
1738203445,107.128,107.166,0.0,0,1738203445485,134,0.0
1738203446,107.127,107.165,0.0,0,1738203446794,134,0.0
1738203447,107.122,107.16,0.0,0,1738203447810,134,0.0
1738203448,107.121,107.159,0.0,0,1738203448898,134,0.0
1738203449,107.118,107.156,0.0,0,1738203449977,134,0.0
1738203450,107.113,107.151,0.0,0,1738203450826,134,0.0
1738203451,107.109,107.147,0.0,0,1738203451874,134,0.0
1738203453,107.105,107.143,0.0,0,1738203453019,134,0.0
1738203455,107.106,107.144,0.0,0,1738203455378,134,0.0
1738203461,107.107,107.145,0.0,0,1738203461614,134,0.0
1738203461,107.113,107.151,0.0,0,1738203461653,134,0.0
1738203461,107.107,107.145,0.0,0,1738203461986,134,0.0
1738203463,107.106,107.144,0.0,0,1738203463096,134,0.0
1738203464,107.105,107.143,0.0,0,1738203464270,134,0.0
1738203467,107.106,107.144,0.0,0,1738203467132,134,0.0
1738203467,107.111,107.149,0.0,0,1738203467497,134,0.0
1738203468,107.105,107.143,0.0,0,1738203468124,134,0.0
1738203469,107.108,107.146,0.0,0,1738203469137,134,0.0
1738203473,107.109,107.147,0.0,0,1738203473891,134,0.0
1738203474,107.111,107.149,0.0,0,1738203474922,134,0.0
1738203476,107.116,107.154,0.0,0,1738203476274,134,0.0
1738203476,107.122,107.16,0.0,0,1738203476922,134,0.0
1738203477,107.124,107.162,0.0,0,1738203477968,134,0.0
1738203478,107.126,107.164,0.0,0,1738203478969,134,0.0
1738203480,107.13,107.168,0.0,0,1738203480072,134,0.0
1738203480,107.136,107.174,0.0,0,1738203480153,134,0.0
1738203481,107.13,107.168,0.0,0,1738203481168,134,0.0
1738203482,107.131,107.169,0.0,0,1738203482215,134,0.0
1738203483,107.13,107.168,0.0,0,1738203483239,134,0.0
1738203484,107.128,107.166,0.0,0,1738203484467,134,0.0
1738203486,107.127,107.165,0.0,0,1738203486775,134,0.0
1738203489,107.126,107.164,0.0,0,1738203489178,134,0.0
1738203490,107.12,107.158,0.0,0,1738203490779,134,0.0
1738203491,107.123,107.161,0.0,0,1738203491783,134,0.0
1738203492,107.124,107.162,0.0,0,1738203492796,134,0.0
1738203493,107.122,107.16,0.0,0,1738203493974,134,0.0
1738203495,107.123,107.161,0.0,0,1738203495093,134,0.0
1738203496,107.122,107.16,0.0,0,1738203496092,134,0.0
1738203497,107.121,107.159,0.0,0,1738203497103,134,0.0
1738203498,107.116,107.154,0.0,0,1738203498112,134,0.0
1738203500,107.113,107.151,0.0,0,1738203500374,134,0.0
1738203501,107.115,107.153,0.0,0,1738203501448,134,0.0
1738203502,107.112,107.15,0.0,0,1738203502520,134,0.0
1738203504,107.113,107.151,0.0,0,1738203504731,134,0.0
1738203507,107.107,107.145,0.0,0,1738203507576,134,0.0
1738203508,107.108,107.146,0.0,0,1738203508639,134,0.0
1738203510,107.114,107.152,0.0,0,1738203510485,134,0.0
1738203512,107.117,107.155,0.0,0,1738203512210,134,0.0
1738203514,107.119,107.157,0.0,0,1738203514293,134,0.0
1738203514,107.125,107.163,0.0,0,1738203514395,134,0.0
1738203520,107.124,107.162,0.0,0,1738203520539,134,0.0
1738203520,107.118,107.156,0.0,0,1738203520685,134,0.0
1738203521,107.114,107.152,0.0,0,1738203521857,134,0.0
1738203522,107.113,107.151,0.0,0,1738203522870,134,0.0
1738203523,107.119,107.157,0.0,0,1738203523759,134,0.0
1738203525,107.121,107.159,0.0,0,1738203525433,134,0.0
1738203529,107.127,107.165,0.0,0,1738203529946,134,0.0
1738203530,107.133,107.171,0.0,0,1738203530051,134,0.0
1738203531,107.128,107.166,0.0,0,1738203531177,134,0.0
1738203533,107.129,107.167,0.0,0,1738203533554,134,0.0
1738203535,107.128,107.166,0.0,0,1738203535722,134,0.0
1738203537,107.122,107.16,0.0,0,1738203537383,134,0.0
1738203538,107.12,107.158,0.0,0,1738203538404,134,0.0
1738203540,107.12,107.158,0.0,0,1738203540675,130,0.0
1738203541,107.122,107.16,0.0,0,1738203541682,134,0.0
1738203542,107.12,107.158,0.0,0,1738203542887,134,0.0
1738203546,107.114,107.152,0.0,0,1738203546218,134,0.0
1738203547,107.111,107.149,0.0,0,1738203547245,134,0.0
1738203548,107.109,107.147,0.0,0,1738203548481,134,0.0
1738203549,107.112,107.15,0.0,0,1738203549546,134,0.0
1738203550,107.111,107.149,0.0,0,1738203550696,134,0.0
1738203553,107.11,107.148,0.0,0,1738203553871,134,0.0
1738203554,107.109,107.147,0.0,0,1738203554961,134,0.0
1738203555,107.11,107.148,0.0,0,1738203555987,134,0.0
1738203556,107.112,107.15,0.0,0,1738203556995,134,0.0
1738203558,107.113,107.151,0.0,0,1738203558009,134,0.0
1738203560,107.109,107.147,0.0,0,1738203560622,134,0.0
1738203561,107.107,107.145,0.0,0,1738203561850,134,0.0
1738203562,107.102,107.14,0.0,0,1738203562963,134,0.0
1738203565,107.103,107.141,0.0,0,1738203565812,134,0.0
1738203567,107.106,107.144,0.0,0,1738203567237,134,0.0
1738203568,107.103,107.141,0.0,0,1738203568273,134,0.0
1738203569,107.109,107.147,0.0,0,1738203569181,134,0.0
1738203570,107.105,107.143,0.0,0,1738203570209,134,0.0
1738203571,107.104,107.142,0.0,0,1738203571593,134,0.0
1738203574,107.102,107.14,0.0,0,1738203574046,134,0.0
1738203576,107.103,107.141,0.0,0,1738203576109,134,0.0
1738203586,107.109,107.147,0.0,0,1738203586972,134,0.0
1738203589,107.11,107.148,0.0,0,1738203589112,134,0.0
1738203594,107.109,107.147,0.0,0,1738203594142,134,0.0
1738203595,107.108,107.146,0.0,0,1738203595179,134,0.0
1738203597,107.107,107.145,0.0,0,1738203597016,134,0.0
1738203600,107.109,107.147,0.0,0,1738203600123,134,0.0
1738203600,107.103,107.141,0.0,0,1738203600968,134,0.0
1738203601,107.101,107.139,0.0,0,1738203601976,134,0.0
1738203603,107.1,107.138,0.0,0,1738203603019,134,0.0
1738203604,107.097,107.135,0.0,0,1738203604045,134,0.0
1738203605,107.096,107.134,0.0,0,1738203605245,134,0.0
1738203608,107.097,107.135,0.0,0,1738203608724,134,0.0
1738203609,107.098,107.136,0.0,0,1738203609781,134,0.0
1738203610,107.099,107.137,0.0,0,1738203610888,134,0.0
1738203613,107.1,107.138,0.0,0,1738203613088,134,0.0
1738203614,107.104,107.142,0.0,0,1738203614095,134,0.0
1738203617,107.102,107.14,0.0,0,1738203617285,134,0.0
1738203618,107.101,107.139,0.0,0,1738203618468,134,0.0
1738203618,107.107,107.145,0.0,0,1738203618754,134,0.0
1738203619,107.111,107.149,0.0,0,1738203619845,134,0.0
1738203621,107.106,107.144,0.0,0,1738203621036,134,0.0
1738203624,107.107,107.145,0.0,0,1738203624195,134,0.0
1738203624,107.113,107.151,0.0,0,1738203624771,134,0.0
1738203625,107.118,107.156,0.0,0,1738203625706,134,0.0
1738203626,107.114,107.152,0.0,0,1738203626769,134,0.0
1738203627,107.116,107.154,0.0,0,1738203627795,134,0.0
1738203629,107.115,107.153,0.0,0,1738203629344,134,0.0
1738203630,107.12,107.158,0.0,0,1738203630409,134,0.0
1738203631,107.118,107.156,0.0,0,1738203631449,134,0.0
1738203632,107.12,107.158,0.0,0,1738203632455,134,0.0
1738203633,107.119,107.157,0.0,0,1738203633456,134,0.0
1738203635,107.118,107.156,0.0,0,1738203635123,134,0.0
1738203636,107.119,107.157,0.0,0,1738203636757,134,0.0
1738203637,107.114,107.152,0.0,0,1738203637790,134,0.0
1738203640,107.111,107.149,0.0,0,1738203640109,134,0.0
1738203641,107.114,107.152,0.0,0,1738203641215,134,0.0
1738203643,107.113,107.151,0.0,0,1738203643391,134,0.0
1738203646,107.114,107.152,0.0,0,1738203646671,134,0.0
1738203647,107.113,107.151,0.0,0,1738203647732,134,0.0
1738203650,107.116,107.154,0.0,0,1738203650128,134,0.0
1738203651,107.117,107.155,0.0,0,1738203651598,134,0.0
1738203654,107.123,107.161,0.0,0,1738203654954,134,0.0
1738203656,107.125,107.163,0.0,0,1738203656083,134,0.0
1738203657,107.128,107.166,0.0,0,1738203657333,134,0.0
1738203658,107.127,107.165,0.0,0,1738203658376,134,0.0
1738203659,107.126,107.164,0.0,0,1738203659689,134,0.0
1738203660,107.12,107.158,0.0,0,1738203660172,134,0.0
1738203664,107.119,107.157,0.0,0,1738203664371,134,0.0
1738203665,107.122,107.16,0.0,0,1738203665373,134,0.0
1738203666,107.121,107.159,0.0,0,1738203666923,134,0.0
1738203667,107.12,107.158,0.0,0,1738203667976,134,0.0
1738203669,107.121,107.159,0.0,0,1738203669719,134,0.0
1738203670,107.12,107.158,0.0,0,1738203670919,134,0.0
1738203673,107.123,107.161,0.0,0,1738203673296,134,0.0
1738203674,107.122,107.16,0.0,0,1738203674431,134,0.0
1738203679,107.126,107.164,0.0,0,1738203679239,134,0.0
1738203680,107.124,107.162,0.0,0,1738203680276,134,0.0
1738203681,107.129,107.167,0.0,0,1738203681962,134,0.0
1738203691,107.132,107.17,0.0,0,1738203691178,134,0.0
1738203691,107.126,107.164,0.0,0,1738203691364,134,0.0
1738203692,107.121,107.159,0.0,0,1738203692377,134,0.0
1738203694,107.123,107.161,0.0,0,1738203694472,134,0.0
1738203695,107.121,107.159,0.0,0,1738203695478,134,0.0
1738203696,107.119,107.157,0.0,0,1738203696546,134,0.0
1738203698,107.118,107.156,0.0,0,1738203698579,134,0.0
1738203700,107.114,107.152,0.0,0,1738203700976,134,0.0
1738203702,107.115,107.153,0.0,0,1738203702132,134,0.0
1738203703,107.117,107.155,0.0,0,1738203703163,134,0.0
1738203704,107.116,107.154,0.0,0,1738203704189,134,0.0
1738203705,107.121,107.159,0.0,0,1738203705048,134,0.0
1738203706,107.123,107.161,0.0,0,1738203706164,134,0.0
1738203706,107.117,107.155,0.0,0,1738203706980,134,0.0
1738203708,107.12,107.158,0.0,0,1738203708082,134,0.0
1738203709,107.121,107.159,0.0,0,1738203709220,134,0.0
1738203709,107.127,107.165,0.0,0,1738203709554,134,0.0
1738203711,107.126,107.164,0.0,0,1738203711654,134,0.0
1738203712,107.121,107.159,0.0,0,1738203712026,134,0.0
1738203712,107.114,107.152,0.0,0,1738203712056,134,0.0
1738203713,107.112,107.15,0.0,0,1738203713320,134,0.0
1738203715,107.118,107.156,0.0,0,1738203715531,134,0.0
1738203716,107.119,107.157,0.0,0,1738203716599,134,0.0
1738203720,107.119,107.157,0.0,0,1738203720390,130,0.0
1738203724,107.118,107.156,0.0,0,1738203724337,134,0.0
1738203728,107.116,107.154,0.0,0,1738203728055,134,0.0
1738203733,107.117,107.155,0.0,0,1738203733889,134,0.0
1738203734,107.119,107.157,0.0,0,1738203734984,134,0.0
1738203736,107.118,107.156,0.0,0,1738203736001,134,0.0
1738203738,107.116,107.154,0.0,0,1738203738344,134,0.0
1738203738,107.11,107.148,0.0,0,1738203738942,134,0.0
1738203741,107.109,107.147,0.0,0,1738203741264,134,0.0
1738203742,107.106,107.144,0.0,0,1738203742626,134,0.0
1738203748,107.105,107.143,0.0,0,1738203748278,134,0.0
1738203750,107.102,107.14,0.0,0,1738203750643,134,0.0
1738203753,107.103,107.141,0.0,0,1738203753703,134,0.0
1738203756,107.105,107.143,0.0,0,1738203756581,134,0.0
1738203760,107.104,107.142,0.0,0,1738203760779,134,0.0
1738203761,107.108,107.146,0.0,0,1738203761945,134,0.0
1738203762,107.107,107.145,0.0,0,1738203762988,134,0.0
1738203765,107.102,107.14,0.0,0,1738203765385,134,0.0
1738203768,107.103,107.141,0.0,0,1738203768344,134,0.0
1738203773,107.102,107.14,0.0,0,1738203773549,134,0.0
1738203774,107.1,107.138,0.0,0,1738203774554,134,0.0
1738203775,107.099,107.137,0.0,0,1738203775564,134,0.0
1738203776,107.097,107.135,0.0,0,1738203776580,134,0.0
1738203777,107.096,107.134,0.0,0,1738203777646,134,0.0
1738203779,107.098,107.136,0.0,0,1738203779764,134,0.0
1738203780,107.098,107.136,0.0,0,1738203780889,130,0.0
1738203781,107.097,107.135,0.0,0,1738203781905,134,0.0
1738203783,107.092,107.13,0.0,0,1738203783707,134,0.0
1738203784,107.093,107.131,0.0,0,1738203784755,134,0.0
1738203785,107.097,107.135,0.0,0,1738203785834,134,0.0
1738203786,107.099,107.137,0.0,0,1738203786880,134,0.0
1738203787,107.105,107.143,0.0,0,1738203787314,134,0.0
1738203789,107.108,107.146,0.0,0,1738203789237,134,0.0
1738203790,107.11,107.148,0.0,0,1738203790462,134,0.0
1738203791,107.108,107.146,0.0,0,1738203791468,134,0.0
1738203793,107.109,107.147,0.0,0,1738203793639,134,0.0
1738203795,107.114,107.152,0.0,0,1738203795789,134,0.0
1738203796,107.113,107.151,0.0,0,1738203796844,134,0.0
1738203797,107.111,107.149,0.0,0,1738203797864,134,0.0
1738203798,107.117,107.155,0.0,0,1738203798607,134,0.0
1738203799,107.113,107.151,0.0,0,1738203799628,134,0.0
1738203800,107.114,107.152,0.0,0,1738203800712,134,0.0
1738203803,107.115,107.153,0.0,0,1738203803005,134,0.0
1738203808,107.118,107.156,0.0,0,1738203808755,134,0.0
1738203810,107.123,107.161,0.0,0,1738203810471,134,0.0
1738203811,107.124,107.162,0.0,0,1738203811588,134,0.0
1738203812,107.118,107.156,0.0,0,1738203812887,134,0.0
1738203815,107.116,107.154,0.0,0,1738203815024,134,0.0
1738203816,107.118,107.156,0.0,0,1738203816190,134,0.0
1738203825,107.115,107.153,0.0,0,1738203825533,134,0.0
1738203827,107.109,107.147,0.0,0,1738203827507,134,0.0
1738203830,107.111,107.149,0.0,0,1738203830462,134,0.0
1738203832,107.112,107.15,0.0,0,1738203832126,134,0.0
1738203832,107.106,107.144,0.0,0,1738203832856,134,0.0
1738203834,107.105,107.143,0.0,0,1738203834114,134,0.0
1738203835,107.107,107.145,0.0,0,1738203835332,134,0.0
1738203836,107.105,107.143,0.0,0,1738203836337,134,0.0
1738203838,107.106,107.144,0.0,0,1738203838011,134,0.0
1738203840,107.106,107.144,0.0,0,1738203840736,130,0.0
1738203841,107.105,107.143,0.0,0,1738203841757,134,0.0
1738203842,107.103,107.141,0.0,0,1738203842826,134,0.0
1738203845,107.104,107.142,0.0,0,1738203845061,134,0.0
1738203846,107.103,107.141,0.0,0,1738203846084,134,0.0
1738203851,107.102,107.14,0.0,0,1738203851593,134,0.0
1738203855,107.108,107.146,0.0,0,1738203855283,134,0.0
1738203856,107.109,107.147,0.0,0,1738203856926,134,0.0
1738203857,107.114,107.152,0.0,0,1738203857245,134,0.0
1738203858,107.115,107.153,0.0,0,1738203858282,134,0.0
1738203859,107.117,107.155,0.0,0,1738203859296,134,0.0
1738203859,107.123,107.161,0.0,0,1738203859822,134,0.0
1738203860,107.129,107.167,0.0,0,1738203860000,134,0.0
1738203860,107.135,107.173,0.0,0,1738203860144,134,0.0
1738203861,107.137,107.175,0.0,0,1738203861154,134,0.0
1738203862,107.139,107.177,0.0,0,1738203862247,134,0.0
1738203863,107.136,107.174,0.0,0,1738203863419,134,0.0
1738203864,107.135,107.173,0.0,0,1738203864440,134,0.0
1738203867,107.134,107.172,0.0,0,1738203867870,134,0.0
1738203871,107.131,107.169,0.0,0,1738203871220,134,0.0
1738203872,107.132,107.17,0.0,0,1738203872361,134,0.0
1738203873,107.134,107.172,0.0,0,1738203873368,134,0.0
1738203874,107.136,107.174,0.0,0,1738203874764,134,0.0
1738203876,107.138,107.176,0.0,0,1738203876876,134,0.0
1738203877,107.137,107.175,0.0,0,1738203877974,134,0.0
1738203879,107.138,107.176,0.0,0,1738203879143,134,0.0
1738203881,107.137,107.175,0.0,0,1738203881164,134,0.0
1738203881,107.131,107.169,0.0,0,1738203881852,134,0.0
1738203884,107.135,107.173,0.0,0,1738203884913,134,0.0
1738203885,107.133,107.171,0.0,0,1738203885938,134,0.0
1738203886,107.136,107.174,0.0,0,1738203886998,134,0.0
1738203889,107.135,107.173,0.0,0,1738203889560,134,0.0
1738203894,107.132,107.17,0.0,0,1738203894248,134,0.0
1738203896,107.13,107.168,0.0,0,1738203896647,134,0.0
1738203898,107.131,107.169,0.0,0,1738203898062,134,0.0
1738203900,107.131,107.169,0.0,0,1738203900805,130,0.0
1738203901,107.136,107.174,0.0,0,1738203901840,134,0.0
1738203906,107.139,107.177,0.0,0,1738203906884,134,0.0
1738203908,107.141,107.179,0.0,0,1738203908266,134,0.0
1738203909,107.138,107.176,0.0,0,1738203909376,134,0.0
1738203916,107.144,107.182,0.0,0,1738203916819,134,0.0
1738203917,107.143,107.181,0.0,0,1738203917893,134,0.0
1738203919,107.145,107.183,0.0,0,1738203919979,134,0.0
1738203923,107.144,107.182,0.0,0,1738203923098,134,0.0
1738203924,107.146,107.184,0.0,0,1738203924106,134,0.0
1738203925,107.145,107.183,0.0,0,1738203925199,134,0.0
1738203927,107.15,107.188,0.0,0,1738203927252,134,0.0
1738203928,107.152,107.19,0.0,0,1738203928389,134,0.0
1738203929,107.153,107.191,0.0,0,1738203929390,134,0.0
1738203931,107.155,107.193,0.0,0,1738203931676,134,0.0
1738203939,107.152,107.19,0.0,0,1738203939557,134,0.0
1738203940,107.151,107.189,0.0,0,1738203940580,134,0.0
1738203943,107.153,107.191,0.0,0,1738203943046,134,0.0
1738203946,107.154,107.192,0.0,0,1738203946749,134,0.0
1738203950,107.157,107.195,0.0,0,1738203950217,134,0.0
1738203951,107.151,107.189,0.0,0,1738203951083,134,0.0
1738203952,107.15,107.188,0.0,0,1738203952099,134,0.0
1738203954,107.149,107.187,0.0,0,1738203954274,134,0.0
1738203956,107.15,107.188,0.0,0,1738203956299,134,0.0
1738203957,107.146,107.184,0.0,0,1738203957723,134,0.0
1738203960,107.143,107.181,0.0,0,1738203960507,134,0.0
1738203961,107.141,107.179,0.0,0,1738203961570,134,0.0
1738203962,107.136,107.174,0.0,0,1738203962709,134,0.0
1738203966,107.14,107.178,0.0,0,1738203966138,134,0.0
1738203970,107.139,107.177,0.0,0,1738203970503,134,0.0
1738203972,107.143,107.181,0.0,0,1738203972088,134,0.0
1738203972,107.149,107.187,0.0,0,1738203972955,134,0.0
1738203973,107.15,107.188,0.0,0,1738203973965,134,0.0
1738203975,107.151,107.189,0.0,0,1738203975182,134,0.0
1738203976,107.15,107.188,0.0,0,1738203976264,134,0.0
1738203977,107.148,107.186,0.0,0,1738203977273,134,0.0
1738203981,107.146,107.184,0.0,0,1738203981424,134,0.0
1738203982,107.143,107.181,0.0,0,1738203982435,134,0.0
1738203983,107.141,107.179,0.0,0,1738203983535,134,0.0
1738203987,107.137,107.175,0.0,0,1738203987103,134,0.0
1738203989,107.133,107.171,0.0,0,1738203989256,134,0.0
1738203990,107.132,107.17,0.0,0,1738203990452,134,0.0
1738203991,107.134,107.172,0.0,0,1738203991511,134,0.0
1738203992,107.131,107.169,0.0,0,1738203992727,134,0.0
1738203993,107.132,107.17,0.0,0,1738203993823,134,0.0
1738203995,107.133,107.171,0.0,0,1738203995092,134,0.0
1738204001,107.127,107.165,0.0,0,1738204001242,134,0.0
1738204002,107.122,107.16,0.0,0,1738204002458,134,0.0
1738204003,107.12,107.158,0.0,0,1738204003655,134,0.0
1738204005,107.113,107.151,0.0,0,1738204005504,134,0.0
1738204006,107.114,107.152,0.0,0,1738204006507,134,0.0
1738204007,107.112,107.15,0.0,0,1738204007717,134,0.0
1738204008,107.113,107.151,0.0,0,1738204008770,134,0.0
1738204013,107.11,107.148,0.0,0,1738204013381,134,0.0
1738204014,107.109,107.147,0.0,0,1738204014389,134,0.0
1738204016,107.11,107.148,0.0,0,1738204016994,134,0.0
1738204021,107.11,107.148,0.0,0,1738204021116,130,0.0
1738204032,107.109,107.147,0.0,0,1738204032302,134,0.0
1738204033,107.11,107.148,0.0,0,1738204033400,134,0.0
1738204043,107.107,107.145,0.0,0,1738204043222,134,0.0
1738204045,107.106,107.144,0.0,0,1738204045100,134,0.0
1738204047,107.105,107.143,0.0,0,1738204047911,134,0.0
1738204048,107.11,107.148,0.0,0,1738204048919,134,0.0
1738204049,107.106,107.144,0.0,0,1738204049941,134,0.0
1738204050,107.111,107.149,0.0,0,1738204050989,134,0.0
1738204051,107.117,107.155,0.0,0,1738204051619,134,0.0
1738204052,107.115,107.153,0.0,0,1738204052721,134,0.0
1738204053,107.116,107.154,0.0,0,1738204053944,134,0.0
1738204055,107.115,107.153,0.0,0,1738204055139,134,0.0
1738204056,107.114,107.152,0.0,0,1738204056327,134,0.0
1738204060,107.116,107.154,0.0,0,1738204060176,134,0.0
1738204062,107.115,107.153,0.0,0,1738204062836,134,0.0
1738204063,107.109,107.147,0.0,0,1738204063807,134,0.0
1738204063,107.104,107.142,0.0,0,1738204063879,134,0.0
1738204065,107.102,107.14,0.0,0,1738204065186,134,0.0
1738204067,107.101,107.139,0.0,0,1738204067356,134,0.0
1738204070,107.1,107.138,0.0,0,1738204070772,134,0.0
1738204075,107.099,107.137,0.0,0,1738204075476,134,0.0
1738204077,107.097,107.135,0.0,0,1738204077570,134,0.0
1738204079,107.093,107.131,0.0,0,1738204079586,134,0.0
1738204080,107.094,107.132,0.0,0,1738204080682,134,0.0
1738204081,107.098,107.136,0.0,0,1738204081834,134,0.0
1738204088,107.099,107.137,0.0,0,1738204088161,134,0.0
1738204099,107.1,107.138,0.0,0,1738204099107,134,0.0
1738204104,107.099,107.137,0.0,0,1738204104688,134,0.0
1738204105,107.095,107.133,0.0,0,1738204105707,134,0.0
1738204107,107.093,107.131,0.0,0,1738204107798,134,0.0
1738204108,107.09,107.128,0.0,0,1738204108799,134,0.0
1738204109,107.089,107.127,0.0,0,1738204109861,134,0.0
1738204111,107.09,107.128,0.0,0,1738204111468,134,0.0
1738204112,107.084,107.122,0.0,0,1738204112159,134,0.0
1738204113,107.086,107.124,0.0,0,1738204113234,134,0.0
1738204115,107.08,107.118,0.0,0,1738204115250,134,0.0
1738204116,107.079,107.117,0.0,0,1738204116361,134,0.0
1738204121,107.076,107.114,0.0,0,1738204121025,134,0.0
1738204123,107.075,107.113,0.0,0,1738204123844,134,0.0
1738204130,107.077,107.115,0.0,0,1738204130305,134,0.0
1738204133,107.08,107.118,0.0,0,1738204133503,134,0.0
1738204135,107.078,107.116,0.0,0,1738204135121,134,0.0
1738204138,107.077,107.115,0.0,0,1738204138293,134,0.0
1738204140,107.083,107.121,0.0,0,1738204140406,134,0.0
1738204141,107.086,107.124,0.0,0,1738204141738,134,0.0
1738204143,107.084,107.122,0.0,0,1738204143057,134,0.0
1738204143,107.09,107.128,0.0,0,1738204143591,134,0.0
1738204149,107.089,107.127,0.0,0,1738204149216,134,0.0
1738204150,107.086,107.124,0.0,0,1738204150224,134,0.0
1738204151,107.08,107.118,0.0,0,1738204151091,134,0.0
1738204152,107.077,107.115,0.0,0,1738204152158,134,0.0
1738204152,107.071,107.109,0.0,0,1738204152709,134,0.0
1738204157,107.07,107.108,0.0,0,1738204157744,134,0.0
1738204159,107.071,107.109,0.0,0,1738204159333,134,0.0
1738204168,107.07,107.108,0.0,0,1738204168226,134,0.0
1738204171,107.071,107.109,0.0,0,1738204171150,134,0.0
1738204172,107.07,107.108,0.0,0,1738204172188,134,0.0
1738204179,107.071,107.109,0.0,0,1738204179076,134,0.0
1738204183,107.07,107.108,0.0,0,1738204183108,134,0.0
1738204185,107.065,107.103,0.0,0,1738204185945,134,0.0
1738204186,107.07,107.108,0.0,0,1738204186964,134,0.0
1738204187,107.067,107.105,0.0,0,1738204187968,134,0.0
1738204189,107.065,107.103,0.0,0,1738204189176,134,0.0
1738204192,107.066,107.104,0.0,0,1738204192290,134,0.0
1738204193,107.065,107.103,0.0,0,1738204193552,134,0.0
1738204195,107.071,107.109,0.0,0,1738204195613,134,0.0
1738204196,107.073,107.111,0.0,0,1738204196709,134,0.0
1738204200,107.073,107.111,0.0,0,1738204200277,130,0.0
1738204201,107.072,107.11,0.0,0,1738204201514,134,0.0
1738204202,107.073,107.111,0.0,0,1738204202810,134,0.0
1738204205,107.07,107.108,0.0,0,1738204205062,134,0.0
1738204207,107.071,107.109,0.0,0,1738204207669,134,0.0
1738204208,107.077,107.115,0.0,0,1738204208717,134,0.0
1738204209,107.083,107.121,0.0,0,1738204209118,134,0.0
1738204209,107.088,107.126,0.0,0,1738204209350,134,0.0
1738204210,107.089,107.127,0.0,0,1738204210371,134,0.0
1738204212,107.095,107.133,0.0,0,1738204212847,134,0.0
1738204213,107.092,107.13,0.0,0,1738204213851,134,0.0
1738204215,107.093,107.131,0.0,0,1738204215083,134,0.0
1738204216,107.095,107.133,0.0,0,1738204216088,134,0.0
1738204216,107.089,107.127,0.0,0,1738204216153,134,0.0
1738204217,107.084,107.122,0.0,0,1738204217184,134,0.0
1738204218,107.083,107.121,0.0,0,1738204218321,134,0.0
1738204220,107.084,107.122,0.0,0,1738204220447,134,0.0
1738204227,107.09,107.128,0.0,0,1738204227213,134,0.0
1738204228,107.092,107.13,0.0,0,1738204228414,134,0.0
1738204230,107.089,107.127,0.0,0,1738204230324,134,0.0
1738204231,107.086,107.124,0.0,0,1738204231375,134,0.0
1738204236,107.087,107.125,0.0,0,1738204236015,134,0.0
1738204238,107.085,107.123,0.0,0,1738204238614,134,0.0
1738204239,107.081,107.119,0.0,0,1738204239964,134,0.0
1738204241,107.08,107.118,0.0,0,1738204241134,134,0.0
1738204242,107.075,107.113,0.0,0,1738204242153,134,0.0
1738204243,107.073,107.111,0.0,0,1738204243194,134,0.0
1738204244,107.072,107.11,0.0,0,1738204244505,134,0.0
1738204246,107.073,107.111,0.0,0,1738204246355,134,0.0
1738204248,107.074,107.112,0.0,0,1738204248033,134,0.0
1738204251,107.075,107.113,0.0,0,1738204251082,134,0.0
1738204251,107.07,107.108,0.0,0,1738204251144,134,0.0
1738204252,107.073,107.111,0.0,0,1738204252167,134,0.0
1738204253,107.07,107.108,0.0,0,1738204253202,134,0.0
1738204254,107.069,107.107,0.0,0,1738204254302,134,0.0
1738204261,107.07,107.108,0.0,0,1738204261199,134,0.0
1738204262,107.069,107.107,0.0,0,1738204262350,134,0.0
1738204265,107.071,107.109,0.0,0,1738204265221,134,0.0
1738204272,107.072,107.11,0.0,0,1738204272881,134,0.0
1738204274,107.071,107.109,0.0,0,1738204274130,134,0.0
1738204280,107.072,107.11,0.0,0,1738204280088,134,0.0
1738204281,107.076,107.114,0.0,0,1738204281211,134,0.0
1738204282,107.075,107.113,0.0,0,1738204282211,134,0.0
1738204283,107.069,107.107,0.0,0,1738204283271,134,0.0
1738204283,107.064,107.102,0.0,0,1738204283868,134,0.0
1738204285,107.061,107.099,0.0,0,1738204285912,134,0.0
1738204289,107.059,107.097,0.0,0,1738204289141,134,0.0
1738204290,107.061,107.099,0.0,0,1738204290160,134,0.0
1738204291,107.059,107.097,0.0,0,1738204291396,134,0.0
1738204294,107.06,107.098,0.0,0,1738204294378,134,0.0
1738204295,107.059,107.097,0.0,0,1738204295509,134,0.0
1738204302,107.053,107.091,0.0,0,1738204302681,134,0.0
1738204303,107.055,107.093,0.0,0,1738204303703,134,0.0
1738204304,107.058,107.096,0.0,0,1738204304723,134,0.0
1738204305,107.055,107.093,0.0,0,1738204305886,134,0.0
1738204308,107.052,107.09,0.0,0,1738204308326,134,0.0
1738204309,107.053,107.091,0.0,0,1738204309354,134,0.0
1738204310,107.056,107.094,0.0,0,1738204310447,134,0.0
1738204317,107.055,107.093,0.0,0,1738204317583,134,0.0
1738204319,107.057,107.095,0.0,0,1738204319169,134,0.0
1738204320,107.057,107.095,0.0,0,1738204320372,130,0.0
1738204321,107.054,107.092,0.0,0,1738204321506,134,0.0
1738204322,107.056,107.094,0.0,0,1738204322649,134,0.0
1738204327,107.055,107.093,0.0,0,1738204327084,134,0.0
1738204331,107.057,107.095,0.0,0,1738204331637,134,0.0
1738204334,107.062,107.1,0.0,0,1738204334080,134,0.0
1738204335,107.063,107.101,0.0,0,1738204335345,134,0.0
1738204336,107.064,107.102,0.0,0,1738204336397,134,0.0
1738204337,107.071,107.109,0.0,0,1738204337300,134,0.0
1738204338,107.074,107.112,0.0,0,1738204338301,134,0.0
1738204339,107.08,107.118,0.0,0,1738204339806,134,0.0
1738204341,107.081,107.119,0.0,0,1738204341005,134,0.0
1738204342,107.084,107.122,0.0,0,1738204342018,134,0.0
1738204344,107.085,107.123,0.0,0,1738204344213,134,0.0
1738204346,107.084,107.122,0.0,0,1738204346693,134,0.0
1738204347,107.086,107.124,0.0,0,1738204347739,134,0.0
1738204348,107.082,107.12,0.0,0,1738204348994,134,0.0
1738204350,107.083,107.121,0.0,0,1738204350131,134,0.0
1738204352,107.08,107.118,0.0,0,1738204352173,134,0.0
1738204353,107.079,107.117,0.0,0,1738204353290,134,0.0
1738204354,107.082,107.12,0.0,0,1738204354306,134,0.0
1738204355,107.081,107.119,0.0,0,1738204355448,134,0.0
1738204359,107.077,107.115,0.0,0,1738204359358,134,0.0
1738204360,107.081,107.119,0.0,0,1738204360382,134,0.0
1738204365,107.082,107.12,0.0,0,1738204365297,134,0.0
1738204366,107.083,107.121,0.0,0,1738204366309,134,0.0
1738204372,107.084,107.122,0.0,0,1738204372341,134,0.0
1738204380,107.084,107.122,0.0,0,1738204380284,130,0.0
1738204382,107.083,107.121,0.0,0,1738204382514,134,0.0
1738204387,107.084,107.122,0.0,0,1738204387489,134,0.0
1738204389,107.083,107.121,0.0,0,1738204389536,134,0.0
1738204392,107.082,107.12,0.0,0,1738204392880,134,0.0
1738204393,107.076,107.114,0.0,0,1738204393325,134,0.0
1738204393,107.069,107.107,0.0,0,1738204393380,134,0.0
1738204393,107.064,107.102,0.0,0,1738204393624,134,0.0
1738204395,107.065,107.103,0.0,0,1738204395766,134,0.0
1738204396,107.063,107.101,0.0,0,1738204396856,134,0.0
1738204399,107.065,107.103,0.0,0,1738204399321,134,0.0
1738204404,107.066,107.104,0.0,0,1738204404227,134,0.0
1738204406,107.065,107.103,0.0,0,1738204406388,134,0.0
1738204407,107.064,107.102,0.0,0,1738204407391,134,0.0
1738204412,107.063,107.101,0.0,0,1738204412464,134,0.0
1738204413,107.064,107.102,0.0,0,1738204413589,134,0.0
1738204416,107.065,107.103,0.0,0,1738204416111,134,0.0
1738204418,107.063,107.101,0.0,0,1738204418156,134,0.0
1738204419,107.066,107.104,0.0,0,1738204419225,134,0.0
1738204421,107.065,107.103,0.0,0,1738204421453,134,0.0
1738204425,107.066,107.104,0.0,0,1738204425961,134,0.0
1738204434,107.065,107.103,0.0,0,1738204434555,134,0.0
1738204434,107.071,107.109,0.0,0,1738204434926,134,0.0
1738204435,107.066,107.104,0.0,0,1738204435771,134,0.0
1738204436,107.062,107.1,0.0,0,1738204436780,134,0.0
1738204437,107.063,107.101,0.0,0,1738204437804,134,0.0
1738204439,107.062,107.1,0.0,0,1738204439924,134,0.0
1738204442,107.061,107.099,0.0,0,1738204442352,134,0.0
1738204442,107.055,107.093,0.0,0,1738204442392,134,0.0
1738204445,107.056,107.094,0.0,0,1738204445751,134,0.0
1738204447,107.054,107.092,0.0,0,1738204447571,134,0.0
1738204450,107.053,107.091,0.0,0,1738204450720,134,0.0
1738204450,107.047,107.085,0.0,0,1738204450983,134,0.0
1738204451,107.041,107.079,0.0,0,1738204451168,134,0.0
1738204452,107.046,107.084,0.0,0,1738204452412,134,0.0
1738204453,107.049,107.087,0.0,0,1738204453515,134,0.0
1738204455,107.055,107.093,0.0,0,1738204455461,134,0.0
1738204460,107.056,107.094,0.0,0,1738204460266,134,0.0
1738204461,107.062,107.1,0.0,0,1738204461151,134,0.0
1738204462,107.066,107.104,0.0,0,1738204462201,134,0.0
1738204464,107.072,107.11,0.0,0,1738204464922,134,0.0
1738204471,107.073,107.111,0.0,0,1738204471853,134,0.0
1738204472,107.078,107.116,0.0,0,1738204472858,134,0.0
1738204473,107.08,107.118,0.0,0,1738204473884,134,0.0
1738204475,107.079,107.117,0.0,0,1738204475430,134,0.0
1738204476,107.078,107.116,0.0,0,1738204476506,134,0.0
1738204476,107.083,107.121,0.0,0,1738204476572,134,0.0
1738204478,107.084,107.122,0.0,0,1738204478204,134,0.0
1738204479,107.083,107.121,0.0,0,1738204479214,134,0.0
1738204481,107.081,107.119,0.0,0,1738204481438,134,0.0
1738204482,107.08,107.118,0.0,0,1738204482520,134,0.0
1738204484,107.078,107.116,0.0,0,1738204484785,134,0.0
1738204487,107.076,107.114,0.0,0,1738204487044,134,0.0
1738204488,107.071,107.109,0.0,0,1738204488046,134,0.0
1738204488,107.065,107.103,0.0,0,1738204488076,134,0.0
1738204489,107.062,107.1,0.0,0,1738204489534,134,0.0
1738204491,107.065,107.103,0.0,0,1738204491162,134,0.0
1738204492,107.059,107.097,0.0,0,1738204492169,134,0.0
1738204493,107.056,107.094,0.0,0,1738204493244,134,0.0
1738204495,107.057,107.095,0.0,0,1738204495462,134,0.0
1738204496,107.058,107.096,0.0,0,1738204496465,134,0.0
1738204499,107.054,107.092,0.0,0,1738204499104,134,0.0
1738204500,107.053,107.091,0.0,0,1738204500240,134,0.0
1738204501,107.055,107.093,0.0,0,1738204501322,134,0.0
1738204502,107.057,107.095,0.0,0,1738204502338,134,0.0
1738204505,107.061,107.099,0.0,0,1738204505625,134,0.0
1738204509,107.067,107.105,0.0,0,1738204509587,134,0.0
1738204510,107.064,107.102,0.0,0,1738204510666,134,0.0
1738204511,107.063,107.101,0.0,0,1738204511825,134,0.0
1738204515,107.062,107.1,0.0,0,1738204515204,134,0.0
1738204517,107.06,107.098,0.0,0,1738204517492,134,0.0
1738204518,107.061,107.099,0.0,0,1738204518513,134,0.0
1738204521,107.06,107.098,0.0,0,1738204521063,134,0.0
1738204524,107.054,107.092,0.0,0,1738204524495,134,0.0
1738204524,107.049,107.087,0.0,0,1738204524508,134,0.0
1738204524,107.043,107.081,0.0,0,1738204524546,134,0.0
1738204525,107.042,107.08,0.0,0,1738204525562,134,0.0
1738204525,107.049,107.087,0.0,0,1738204525838,134,0.0
1738204526,107.05,107.088,0.0,0,1738204526895,134,0.0
1738204528,107.047,107.085,0.0,0,1738204528096,134,0.0
1738204530,107.05,107.088,0.0,0,1738204530643,134,0.0
1738204532,107.049,107.087,0.0,0,1738204532146,134,0.0
1738204533,107.051,107.089,0.0,0,1738204533189,134,0.0
1738204535,107.05,107.088,0.0,0,1738204535705,134,0.0
1738204536,107.052,107.09,0.0,0,1738204536803,134,0.0
1738204537,107.051,107.089,0.0,0,1738204537835,134,0.0
1738204549,107.05,107.088,0.0,0,1738204549560,134,0.0
1738204551,107.056,107.094,0.0,0,1738204551655,134,0.0
1738204552,107.059,107.097,0.0,0,1738204552667,134,0.0
1738204552,107.065,107.103,0.0,0,1738204552727,134,0.0
1738204553,107.067,107.105,0.0,0,1738204553842,134,0.0
1738204555,107.073,107.111,0.0,0,1738204555856,134,0.0
1738204559,107.075,107.113,0.0,0,1738204559818,134,0.0
1738204560,107.075,107.113,0.0,0,1738204560844,130,0.0
1738204562,107.081,107.119,0.0,0,1738204562661,134,0.0
1738204563,107.082,107.12,0.0,0,1738204563995,134,0.0
1738204565,107.083,107.121,0.0,0,1738204565039,134,0.0
1738204567,107.084,107.122,0.0,0,1738204567159,134,0.0
1738204568,107.083,107.121,0.0,0,1738204568686,134,0.0
1738204574,107.086,107.124,0.0,0,1738204574109,134,0.0
1738204575,107.085,107.123,0.0,0,1738204575148,134,0.0
1738204575,107.091,107.129,0.0,0,1738204575573,134,0.0
1738204576,107.096,107.134,0.0,0,1738204576141,134,0.0
1738204577,107.102,107.14,0.0,0,1738204577081,134,0.0
1738204580,107.103,107.141,0.0,0,1738204580065,134,0.0
1738204581,107.102,107.14,0.0,0,1738204581090,134,0.0
1738204583,107.1,107.138,0.0,0,1738204583468,134,0.0
1738204588,107.095,107.133,0.0,0,1738204588535,134,0.0
1738204589,107.096,107.134,0.0,0,1738204589669,134,0.0
1738204591,107.097,107.135,0.0,0,1738204591838,134,0.0
