time,bid,ask,last,volume,time_msc,flags,volume_real
1743187847,194.571,194.589,0.0,0,1743187847379,4,0.0
1743187847,194.575,194.594,0.0,0,1743187847706,134,0.0
1743187847,194.576,194.594,0.0,0,1743187847732,130,0.0
1743187848,194.577,194.595,0.0,0,1743187848038,134,0.0
1743187848,194.584,194.602,0.0,0,1743187848084,134,0.0
1743187848,194.582,194.599,0.0,0,1743187848365,134,0.0
1743187848,194.582,194.6,0.0,0,1743187848693,4,0.0
1743187848,194.583,194.601,0.0,0,1743187848739,134,0.0
1743187849,194.584,194.601,0.0,0,1743187849029,130,0.0
1743187849,194.585,194.603,0.0,0,1743187849355,134,0.0
1743187849,194.584,194.601,0.0,0,1743187849683,134,0.0
1743187850,194.579,194.597,0.0,0,1743187850020,134,0.0
1743187850,194.58,194.598,0.0,0,1743187850051,134,0.0
1743187850,194.578,194.595,0.0,0,1743187850343,134,0.0
1743187850,194.579,194.597,0.0,0,1743187850354,134,0.0
1743187851,194.577,194.595,0.0,0,1743187851005,134,0.0
1743187851,194.58,194.598,0.0,0,1743187851334,134,0.0
1743187851,194.579,194.597,0.0,0,1743187851666,134,0.0
1743187851,194.577,194.595,0.0,0,1743187851996,134,0.0
1743187852,194.574,194.593,0.0,0,1743187852324,134,0.0
1743187852,194.567,194.585,0.0,0,1743187852989,134,0.0
1743187853,194.568,194.586,0.0,0,1743187853316,134,0.0
1743187853,194.563,194.582,0.0,0,1743187853647,134,0.0
1743187853,194.562,194.58,0.0,0,1743187853973,134,0.0
1743187853,194.56,194.579,0.0,0,1743187853993,134,0.0
1743187854,194.557,194.575,0.0,0,1743187854348,134,0.0
1743187854,194.559,194.577,0.0,0,1743187854968,134,0.0
1743187855,194.552,194.57,0.0,0,1743187855624,134,0.0
1743187856,194.551,194.569,0.0,0,1743187856285,134,0.0
1743187856,194.546,194.564,0.0,0,1743187856616,134,0.0
1743187857,194.543,194.561,0.0,0,1743187857345,134,0.0
1743187857,194.54,194.558,0.0,0,1743187857936,134,0.0
1743187858,194.54,194.557,0.0,0,1743187858263,4,0.0
1743187858,194.541,194.558,0.0,0,1743187858595,134,0.0
1743187858,194.543,194.561,0.0,0,1743187858925,134,0.0
1743187859,194.538,194.555,0.0,0,1743187859919,134,0.0
1743187859,194.535,194.553,0.0,0,1743187859960,134,0.0
1743187860,194.535,194.552,0.0,0,1743187860247,134,0.0
1743187860,194.535,194.553,0.0,0,1743187860262,4,0.0
1743187860,194.538,194.555,0.0,0,1743187860575,134,0.0
1743187860,194.54,194.558,0.0,0,1743187860919,134,0.0
1743187861,194.545,194.562,0.0,0,1743187861236,134,0.0
1743187861,194.543,194.561,0.0,0,1743187861566,134,0.0
1743187862,194.545,194.563,0.0,0,1743187862228,134,0.0
1743187862,194.546,194.564,0.0,0,1743187862556,134,0.0
1743187862,194.547,194.564,0.0,0,1743187862896,130,0.0
1743187863,194.554,194.572,0.0,0,1743187863213,134,0.0
1743187863,194.555,194.572,0.0,0,1743187863550,130,0.0
1743187863,194.561,194.579,0.0,0,1743187863877,134,0.0
1743187863,194.563,194.58,0.0,0,1743187863899,134,0.0
1743187864,194.561,194.58,0.0,0,1743187864208,130,0.0
1743187864,194.56,194.579,0.0,0,1743187864556,134,0.0
1743187864,194.549,194.569,0.0,0,1743187864867,134,0.0
1743187865,194.55,194.569,0.0,0,1743187865200,130,0.0
1743187865,194.551,194.57,0.0,0,1743187865220,134,0.0
1743187865,194.547,194.566,0.0,0,1743187865857,134,0.0
1743187865,194.548,194.567,0.0,0,1743187865865,134,0.0
1743187866,194.549,194.567,0.0,0,1743187866189,130,0.0
1743187866,194.548,194.566,0.0,0,1743187866515,134,0.0
1743187866,194.546,194.563,0.0,0,1743187866844,134,0.0
1743187867,194.544,194.562,0.0,0,1743187867839,134,0.0
1743187868,194.538,194.555,0.0,0,1743187868495,134,0.0
1743187868,194.535,194.553,0.0,0,1743187868825,134,0.0
1743187869,194.533,194.55,0.0,0,1743187869489,134,0.0
1743187869,194.532,194.549,0.0,0,1743187869505,134,0.0
1743187869,194.527,194.544,0.0,0,1743187869814,134,0.0
1743187869,194.529,194.547,0.0,0,1743187869859,134,0.0
1743187870,194.526,194.544,0.0,0,1743187870148,134,0.0
1743187870,194.525,194.543,0.0,0,1743187870163,134,0.0
1743187870,194.526,194.543,0.0,0,1743187870475,130,0.0
1743187870,194.524,194.541,0.0,0,1743187870804,134,0.0
1743187871,194.525,194.543,0.0,0,1743187871135,134,0.0
1743187871,194.517,194.535,0.0,0,1743187871471,134,0.0
1743187871,194.521,194.539,0.0,0,1743187871486,134,0.0
1743187871,194.515,194.533,0.0,0,1743187871794,134,0.0
1743187872,194.511,194.528,0.0,0,1743187872128,134,0.0
1743187872,194.513,194.53,0.0,0,1743187872453,134,0.0
1743187872,194.512,194.53,0.0,0,1743187872503,130,0.0
1743187872,194.511,194.528,0.0,0,1743187872786,134,0.0
1743187873,194.508,194.526,0.0,0,1743187873774,134,0.0
1743187874,194.507,194.525,0.0,0,1743187874105,134,0.0
1743187874,194.508,194.526,0.0,0,1743187874122,134,0.0
1743187874,194.51,194.527,0.0,0,1743187874435,134,0.0
1743187876,194.514,194.531,0.0,0,1743187876417,134,0.0
1743187876,194.512,194.53,0.0,0,1743187876448,134,0.0
1743187877,194.503,194.521,0.0,0,1743187877074,134,0.0
1743187877,194.502,194.52,0.0,0,1743187877405,134,0.0
1743187877,194.503,194.521,0.0,0,1743187877737,134,0.0
1743187878,194.505,194.522,0.0,0,1743187878065,134,0.0
1743187878,194.503,194.521,0.0,0,1743187878396,134,0.0
1743187878,194.505,194.522,0.0,0,1743187878732,134,0.0
1743187879,194.503,194.521,0.0,0,1743187879057,134,0.0
1743187880,194.501,194.518,0.0,0,1743187880042,134,0.0
1743187880,194.5,194.517,0.0,0,1743187880374,134,0.0
1743187881,194.503,194.521,0.0,0,1743187881034,134,0.0
1743187881,194.505,194.522,0.0,0,1743187881366,134,0.0
1743187882,194.503,194.521,0.0,0,1743187882031,134,0.0
1743187884,194.478,194.496,0.0,0,1743187884022,134,0.0
1743187884,194.485,194.502,0.0,0,1743187884335,134,0.0
1743187884,194.483,194.501,0.0,0,1743187884368,134,0.0
1743187884,194.479,194.497,0.0,0,1743187884669,134,0.0
1743187884,194.481,194.498,0.0,0,1743187884995,134,0.0
1743187885,194.479,194.498,0.0,0,1743187885020,130,0.0
1743187885,194.482,194.501,0.0,0,1743187885333,134,0.0
1743187885,194.481,194.5,0.0,0,1743187885655,134,0.0
1743187885,194.482,194.501,0.0,0,1743187885984,134,0.0
1743187886,194.484,194.503,0.0,0,1743187886315,134,0.0
1743187886,194.481,194.5,0.0,0,1743187886344,134,0.0
1743187886,194.479,194.497,0.0,0,1743187886643,134,0.0
1743187886,194.475,194.494,0.0,0,1743187886977,134,0.0
1743187887,194.481,194.5,0.0,0,1743187887304,134,0.0
1743187887,194.486,194.506,0.0,0,1743187887968,134,0.0
1743187888,194.489,194.508,0.0,0,1743187888294,134,0.0
1743187888,194.485,194.504,0.0,0,1743187888308,134,0.0
1743187888,194.486,194.506,0.0,0,1743187888625,134,0.0
1743187888,194.485,194.504,0.0,0,1743187888662,134,0.0
1743187889,194.493,194.514,0.0,0,1743187889290,134,0.0
1743187889,194.492,194.512,0.0,0,1743187889616,134,0.0
1743187890,194.493,194.512,0.0,0,1743187890274,130,0.0
1743187891,194.503,194.521,0.0,0,1743187891595,134,0.0
1743187891,194.502,194.521,0.0,0,1743187891927,130,0.0
1743187892,194.507,194.526,0.0,0,1743187892253,134,0.0
1743187892,194.504,194.523,0.0,0,1743187892583,134,0.0
1743187892,194.506,194.525,0.0,0,1743187892603,134,0.0
1743187892,194.51,194.528,0.0,0,1743187892917,134,0.0
1743187893,194.508,194.528,0.0,0,1743187893246,130,0.0
1743187893,194.509,194.53,0.0,0,1743187893575,134,0.0
1743187893,194.505,194.525,0.0,0,1743187893619,134,0.0
1743187893,194.511,194.531,0.0,0,1743187893902,134,0.0
1743187894,194.509,194.529,0.0,0,1743187894234,134,0.0
1743187894,194.51,194.53,0.0,0,1743187894275,134,0.0
1743187894,194.507,194.527,0.0,0,1743187894564,134,0.0
1743187894,194.509,194.529,0.0,0,1743187894894,134,0.0
1743187895,194.507,194.527,0.0,0,1743187895225,134,0.0
1743187896,194.51,194.53,0.0,0,1743187896216,134,0.0
1743187896,194.512,194.532,0.0,0,1743187896545,134,0.0
1743187896,194.51,194.53,0.0,0,1743187896876,134,0.0
1743187897,194.518,194.538,0.0,0,1743187897214,134,0.0
1743187897,194.527,194.547,0.0,0,1743187897862,134,0.0
1743187898,194.522,194.542,0.0,0,1743187898196,134,0.0
1743187898,194.512,194.532,0.0,0,1743187898526,134,0.0
1743187898,194.519,194.539,0.0,0,1743187898857,134,0.0
1743187898,194.522,194.542,0.0,0,1743187898875,134,0.0
1743187899,194.519,194.539,0.0,0,1743187899184,134,0.0
1743187899,194.517,194.537,0.0,0,1743187899881,134,0.0
1743187900,194.518,194.538,0.0,0,1743187900175,134,0.0
1743187900,194.52,194.54,0.0,0,1743187900504,134,0.0
1743187900,194.521,194.542,0.0,0,1743187900841,134,0.0
1743187901,194.525,194.545,0.0,0,1743187901165,134,0.0
1743187901,194.527,194.547,0.0,0,1743187901494,134,0.0
1743187901,194.525,194.546,0.0,0,1743187901830,134,0.0
1743187901,194.522,194.543,0.0,0,1743187901855,134,0.0
1743187902,194.522,194.542,0.0,0,1743187902159,4,0.0
1743187902,194.518,194.539,0.0,0,1743187902815,134,0.0
1743187903,194.52,194.54,0.0,0,1743187903476,134,0.0
1743187904,194.518,194.539,0.0,0,1743187904464,134,0.0
1743187904,194.519,194.539,0.0,0,1743187904795,130,0.0
1743187905,194.517,194.537,0.0,0,1743187905124,134,0.0
1743187905,194.514,194.535,0.0,0,1743187905152,134,0.0
1743187905,194.516,194.536,0.0,0,1743187905785,134,0.0
1743187906,194.517,194.537,0.0,0,1743187906131,134,0.0
1743187908,194.516,194.536,0.0,0,1743187908097,134,0.0
1743187908,194.519,194.539,0.0,0,1743187908142,134,0.0
1743187908,194.517,194.537,0.0,0,1743187908422,134,0.0
1743187908,194.509,194.529,0.0,0,1743187908760,134,0.0
1743187908,194.507,194.527,0.0,0,1743187908767,134,0.0
1743187909,194.498,194.518,0.0,0,1743187909086,134,0.0
1743187909,194.496,194.517,0.0,0,1743187909117,134,0.0
1743187909,194.495,194.515,0.0,0,1743187909775,134,0.0
1743187910,194.494,194.514,0.0,0,1743187910076,134,0.0
1743187910,194.495,194.515,0.0,0,1743187910084,134,0.0
1743187910,194.492,194.512,0.0,0,1743187910404,134,0.0
1743187910,194.492,194.513,0.0,0,1743187910735,4,0.0
1743187910,194.495,194.515,0.0,0,1743187910742,134,0.0
1743187911,194.496,194.517,0.0,0,1743187911395,134,0.0
1743187911,194.498,194.518,0.0,0,1743187911725,134,0.0
1743187912,194.5,194.521,0.0,0,1743187912055,134,0.0
1743187912,194.501,194.522,0.0,0,1743187912064,134,0.0
1743187912,194.504,194.524,0.0,0,1743187912387,134,0.0
1743187913,194.505,194.525,0.0,0,1743187913074,134,0.0
1743187913,194.506,194.526,0.0,0,1743187913375,134,0.0
1743187914,194.504,194.524,0.0,0,1743187914362,134,0.0
1743187914,194.5,194.52,0.0,0,1743187914743,134,0.0
1743187915,194.499,194.52,0.0,0,1743187915686,130,0.0
1743187915,194.498,194.52,0.0,0,1743187915701,130,0.0
1743187916,194.502,194.523,0.0,0,1743187916342,134,0.0
1743187916,194.502,194.522,0.0,0,1743187916675,4,0.0
1743187917,194.503,194.524,0.0,0,1743187917335,134,0.0
1743187919,194.497,194.517,0.0,0,1743187919644,134,0.0
1743187920,194.497,194.517,0.0,0,1743187920007,130,0.0
1743187920,194.496,194.516,0.0,0,1743187920313,134,0.0
1743187920,194.501,194.521,0.0,0,1743187920968,134,0.0
1743187921,194.502,194.523,0.0,0,1743187921315,134,0.0
1743187921,194.506,194.527,0.0,0,1743187921633,134,0.0
1743187921,194.503,194.523,0.0,0,1743187921955,134,0.0
1743187922,194.506,194.526,0.0,0,1743187922286,134,0.0
1743187922,194.504,194.524,0.0,0,1743187922636,134,0.0
1743187922,194.503,194.523,0.0,0,1743187922946,134,0.0
1743187923,194.5,194.52,0.0,0,1743187923274,134,0.0
1743187923,194.499,194.519,0.0,0,1743187923291,134,0.0
1743187923,194.502,194.522,0.0,0,1743187923607,134,0.0
1743187923,194.501,194.522,0.0,0,1743187923935,130,0.0
1743187924,194.5,194.52,0.0,0,1743187924924,134,0.0
1743187925,194.498,194.518,0.0,0,1743187925916,134,0.0
1743187926,194.497,194.517,0.0,0,1743187926276,134,0.0
1743187926,194.499,194.519,0.0,0,1743187926576,134,0.0
1743187926,194.495,194.516,0.0,0,1743187926903,134,0.0
1743187926,194.497,194.517,0.0,0,1743187926933,134,0.0
1743187927,194.495,194.515,0.0,0,1743187927239,134,0.0
1743187927,194.496,194.515,0.0,0,1743187927566,130,0.0
1743187927,194.497,194.517,0.0,0,1743187927899,134,0.0
1743187928,194.5,194.52,0.0,0,1743187928227,134,0.0
1743187928,194.499,194.519,0.0,0,1743187928246,134,0.0
1743187928,194.498,194.519,0.0,0,1743187928555,130,0.0
1743187928,194.499,194.519,0.0,0,1743187928885,130,0.0
1743187929,194.497,194.517,0.0,0,1743187929543,134,0.0
1743187929,194.491,194.511,0.0,0,1743187929876,134,0.0
1743187930,194.484,194.505,0.0,0,1743187930865,134,0.0
1743187931,194.483,194.503,0.0,0,1743187931195,134,0.0
1743187931,194.486,194.506,0.0,0,1743187931854,134,0.0
1743187931,194.489,194.509,0.0,0,1743187931888,134,0.0
1743187932,194.492,194.512,0.0,0,1743187932186,134,0.0
1743187932,194.49,194.51,0.0,0,1743187932514,134,0.0
1743187932,194.492,194.512,0.0,0,1743187932550,134,0.0
1743187933,194.488,194.508,0.0,0,1743187933203,134,0.0
1743187933,194.484,194.504,0.0,0,1743187933508,134,0.0
1743187933,194.483,194.503,0.0,0,1743187933554,134,0.0
1743187933,194.479,194.499,0.0,0,1743187933834,134,0.0
1743187934,194.48,194.5,0.0,0,1743187934164,134,0.0
1743187935,194.483,194.503,0.0,0,1743187935153,134,0.0
1743187935,194.481,194.502,0.0,0,1743187935485,134,0.0
1743187935,194.478,194.499,0.0,0,1743187935815,134,0.0
1743187936,194.465,194.485,0.0,0,1743187936149,134,0.0
1743187936,194.466,194.487,0.0,0,1743187936188,134,0.0
1743187936,194.465,194.485,0.0,0,1743187936477,134,0.0
1743187936,194.462,194.483,0.0,0,1743187936806,134,0.0
1743187936,194.464,194.484,0.0,0,1743187936839,134,0.0
1743187937,194.463,194.483,0.0,0,1743187937135,134,0.0
1743187937,194.455,194.475,0.0,0,1743187937466,134,0.0
1743187937,194.456,194.476,0.0,0,1743187937799,134,0.0
1743187938,194.457,194.477,0.0,0,1743187938455,134,0.0
1743187938,194.457,194.478,0.0,0,1743187938783,4,0.0
1743187939,194.454,194.475,0.0,0,1743187939115,134,0.0
1743187939,194.45,194.47,0.0,0,1743187939445,134,0.0
1743187939,194.452,194.472,0.0,0,1743187939469,134,0.0
1743187939,194.45,194.47,0.0,0,1743187939788,134,0.0
1743187940,194.45,194.471,0.0,0,1743187940765,4,0.0
1743187941,194.448,194.469,0.0,0,1743187941103,134,0.0
1743187941,194.447,194.467,0.0,0,1743187941755,134,0.0
1743187942,194.449,194.469,0.0,0,1743187942745,134,0.0
1743187943,194.446,194.467,0.0,0,1743187943075,134,0.0
1743187943,194.446,194.466,0.0,0,1743187943436,4,0.0
1743187943,194.446,194.467,0.0,0,1743187943742,4,0.0
1743187944,194.445,194.465,0.0,0,1743187944092,134,0.0
1743187946,194.446,194.466,0.0,0,1743187946046,134,0.0
1743187946,194.442,194.463,0.0,0,1743187946374,134,0.0
1743187946,194.443,194.463,0.0,0,1743187946383,130,0.0
1743187946,194.442,194.463,0.0,0,1743187946710,130,0.0
1743187947,194.444,194.464,0.0,0,1743187947036,134,0.0
1743187947,194.445,194.465,0.0,0,1743187947368,134,0.0
1743187948,194.443,194.464,0.0,0,1743187948032,134,0.0
1743187948,194.444,194.464,0.0,0,1743187948353,130,0.0
1743187949,194.439,194.459,0.0,0,1743187949014,134,0.0
1743187949,194.44,194.461,0.0,0,1743187949341,134,0.0
1743187949,194.448,194.468,0.0,0,1743187949675,134,0.0
1743187950,194.446,194.467,0.0,0,1743187950026,134,0.0
1743187950,194.452,194.472,0.0,0,1743187950665,134,0.0
1743187950,194.453,194.474,0.0,0,1743187950681,134,0.0
1743187950,194.455,194.475,0.0,0,1743187950993,134,0.0
1743187953,194.447,194.467,0.0,0,1743187953313,134,0.0
1743187953,194.448,194.469,0.0,0,1743187953967,134,0.0
1743187954,194.442,194.463,0.0,0,1743187954295,134,0.0
1743187954,194.441,194.461,0.0,0,1743187954624,134,0.0
1743187954,194.433,194.454,0.0,0,1743187954954,134,0.0
1743187954,194.435,194.455,0.0,0,1743187954982,134,0.0
1743187955,194.438,194.458,0.0,0,1743187955282,134,0.0
1743187955,194.437,194.457,0.0,0,1743187955613,134,0.0
1743187955,194.432,194.452,0.0,0,1743187955950,134,0.0
1743187955,194.433,194.453,0.0,0,1743187955989,134,0.0
1743187956,194.438,194.458,0.0,0,1743187956273,134,0.0
1743187956,194.448,194.469,0.0,0,1743187956603,134,0.0
1743187956,194.448,194.468,0.0,0,1743187956645,4,0.0
1743187957,194.446,194.466,0.0,0,1743187957266,134,0.0
1743187957,194.447,194.468,0.0,0,1743187957935,134,0.0
1743187957,194.449,194.469,0.0,0,1743187957963,134,0.0
1743187958,194.447,194.468,0.0,0,1743187958584,134,0.0
1743187958,194.449,194.469,0.0,0,1743187958917,134,0.0
1743187958,194.447,194.468,0.0,0,1743187958919,134,0.0
1743187959,194.45,194.47,0.0,0,1743187959245,134,0.0
1743187959,194.449,194.469,0.0,0,1743187959572,134,0.0
1743187959,194.45,194.47,0.0,0,1743187959902,134,0.0
1743187960,194.452,194.472,0.0,0,1743187960237,134,0.0
1743187960,194.453,194.473,0.0,0,1743187960292,134,0.0
1743187960,194.458,194.478,0.0,0,1743187960895,134,0.0
1743187961,194.466,194.486,0.0,0,1743187961555,134,0.0
1743187961,194.461,194.482,0.0,0,1743187961607,134,0.0
1743187961,194.462,194.483,0.0,0,1743187961889,134,0.0
1743187962,194.463,194.483,0.0,0,1743187962216,130,0.0
1743187962,194.464,194.484,0.0,0,1743187962545,134,0.0
1743187962,194.462,194.482,0.0,0,1743187962875,134,0.0
1743187963,194.458,194.479,0.0,0,1743187963204,134,0.0
1743187963,194.459,194.479,0.0,0,1743187963532,130,0.0
1743187964,194.46,194.48,0.0,0,1743187964194,134,0.0
1743187964,194.44,194.46,0.0,0,1743187964527,134,0.0
1743187964,194.437,194.457,0.0,0,1743187964854,134,0.0
1743187965,194.435,194.455,0.0,0,1743187965514,134,0.0
1743187966,194.438,194.459,0.0,0,1743187966174,134,0.0
1743187966,194.44,194.46,0.0,0,1743187966505,134,0.0
1743187966,194.437,194.457,0.0,0,1743187966837,134,0.0
1743187967,194.439,194.459,0.0,0,1743187967164,134,0.0
1743187968,194.443,194.463,0.0,0,1743187968156,134,0.0
1743187968,194.445,194.466,0.0,0,1743187968487,134,0.0
1743187968,194.444,194.464,0.0,0,1743187968814,134,0.0
1743187968,194.443,194.463,0.0,0,1743187968823,134,0.0
1743187969,194.449,194.469,0.0,0,1743187969144,134,0.0
1743187969,194.447,194.467,0.0,0,1743187969178,134,0.0
1743187969,194.449,194.469,0.0,0,1743187969805,134,0.0
1743187971,194.452,194.472,0.0,0,1743187971807,134,0.0
1743187972,194.46,194.481,0.0,0,1743187972116,134,0.0
1743187972,194.454,194.474,0.0,0,1743187972444,134,0.0
1743187972,194.455,194.475,0.0,0,1743187972459,134,0.0
1743187972,194.456,194.476,0.0,0,1743187972776,134,0.0
1743187973,194.456,194.477,0.0,0,1743187973433,4,0.0
1743187973,194.458,194.478,0.0,0,1743187973765,134,0.0
1743187974,194.455,194.475,0.0,0,1743187974425,134,0.0
1743187974,194.456,194.477,0.0,0,1743187974428,134,0.0
1743187975,194.455,194.475,0.0,0,1743187975082,134,0.0
1743187975,194.462,194.482,0.0,0,1743187975413,134,0.0
1743187976,194.465,194.485,0.0,0,1743187976075,134,0.0
1743187976,194.466,194.486,0.0,0,1743187976097,134,0.0
1743187976,194.467,194.487,0.0,0,1743187976405,134,0.0
1743187977,194.463,194.483,0.0,0,1743187977394,134,0.0
1743187977,194.457,194.477,0.0,0,1743187977420,134,0.0
1743187978,194.458,194.478,0.0,0,1743187978713,134,0.0
1743187978,194.46,194.479,0.0,0,1743187978744,134,0.0
1743187979,194.458,194.478,0.0,0,1743187979046,134,0.0
1743187979,194.457,194.477,0.0,0,1743187979378,134,0.0
1743187979,194.458,194.478,0.0,0,1743187979705,134,0.0
1743187980,194.458,194.478,0.0,0,1743187980036,130,0.0
1743187980,194.454,194.474,0.0,0,1743187980364,134,0.0
1743187980,194.453,194.473,0.0,0,1743187980699,134,0.0
1743187981,194.451,194.472,0.0,0,1743187981026,134,0.0
1743187981,194.449,194.469,0.0,0,1743187981353,134,0.0
1743187981,194.447,194.467,0.0,0,1743187981716,134,0.0
1743187983,194.445,194.465,0.0,0,1743187983667,134,0.0
1743187984,194.444,194.464,0.0,0,1743187984325,134,0.0
1743187984,194.445,194.465,0.0,0,1743187984654,134,0.0
1743187984,194.444,194.464,0.0,0,1743187984988,134,0.0
1743187985,194.441,194.461,0.0,0,1743187985322,134,0.0
1743187985,194.437,194.458,0.0,0,1743187985644,134,0.0
1743187985,194.431,194.451,0.0,0,1743187985974,134,0.0
1743187987,194.433,194.453,0.0,0,1743187987296,134,0.0
1743187987,194.432,194.453,0.0,0,1743187987951,130,0.0
1743187988,194.431,194.451,0.0,0,1743187988615,134,0.0
1743187989,194.43,194.45,0.0,0,1743187989278,134,0.0
1743187990,194.431,194.451,0.0,0,1743187990264,134,0.0
1743187990,194.425,194.445,0.0,0,1743187990927,134,0.0
1743187990,194.426,194.447,0.0,0,1743187990946,134,0.0
1743187991,194.422,194.442,0.0,0,1743187991915,134,0.0
1743187991,194.419,194.439,0.0,0,1743187991950,134,0.0
1743187992,194.422,194.442,0.0,0,1743187992245,134,0.0
1743187992,194.42,194.44,0.0,0,1743187992609,134,0.0
1743187992,194.422,194.442,0.0,0,1743187992905,134,0.0
1743187993,194.42,194.441,0.0,0,1743187993896,134,0.0
1743187994,194.42,194.442,0.0,0,1743187994235,4,0.0
1743187994,194.42,194.441,0.0,0,1743187994554,4,0.0
1743187994,194.419,194.439,0.0,0,1743187994885,134,0.0
1743187995,194.419,194.44,0.0,0,1743187995213,4,0.0
1743187995,194.418,194.438,0.0,0,1743187995544,134,0.0
1743187995,194.419,194.44,0.0,0,1743187995873,134,0.0
1743187996,194.413,194.434,0.0,0,1743187996536,134,0.0
1743187997,194.413,194.433,0.0,0,1743187997523,4,0.0
1743187998,194.413,194.434,0.0,0,1743187998185,4,0.0
1743187998,194.41,194.431,0.0,0,1743187998525,134,0.0
1743187998,194.405,194.425,0.0,0,1743187998849,134,0.0
1743187998,194.406,194.427,0.0,0,1743187998877,134,0.0
1743187999,194.418,194.439,0.0,0,1743187999177,134,0.0
1743187999,194.418,194.438,0.0,0,1743187999181,4,0.0
1743187999,194.414,194.435,0.0,0,1743187999502,134,0.0
1743187999,194.41,194.43,0.0,0,1743187999835,134,0.0
1743188000,194.408,194.429,0.0,0,1743188000165,134,0.0
1743188000,194.41,194.43,0.0,0,1743188000199,134,0.0
1743188000,194.415,194.435,0.0,0,1743188000826,134,0.0
1743188000,194.416,194.437,0.0,0,1743188000853,134,0.0
1743188001,194.423,194.443,0.0,0,1743188001160,134,0.0
1743188001,194.424,194.445,0.0,0,1743188001163,134,0.0
1743188003,194.428,194.449,0.0,0,1743188003464,134,0.0
1743188003,194.427,194.447,0.0,0,1743188003836,134,0.0
1743188004,194.427,194.448,0.0,0,1743188004125,4,0.0
1743188004,194.426,194.446,0.0,0,1743188004452,134,0.0
1743188004,194.424,194.444,0.0,0,1743188004796,134,0.0
1743188005,194.417,194.437,0.0,0,1743188005125,134,0.0
1743188005,194.418,194.438,0.0,0,1743188005152,134,0.0
1743188005,194.42,194.44,0.0,0,1743188005454,134,0.0
1743188005,194.421,194.442,0.0,0,1743188005776,134,0.0
1743188006,194.422,194.443,0.0,0,1743188006434,134,0.0
1743188006,194.438,194.458,0.0,0,1743188006764,134,0.0
1743188006,194.437,194.458,0.0,0,1743188006770,130,0.0
1743188007,194.439,194.459,0.0,0,1743188007093,134,0.0
1743188007,194.439,194.46,0.0,0,1743188007428,4,0.0
1743188007,194.439,194.459,0.0,0,1743188007758,4,0.0
1743188008,194.435,194.455,0.0,0,1743188008086,134,0.0
1743188008,194.433,194.454,0.0,0,1743188008411,134,0.0
1743188010,194.432,194.452,0.0,0,1743188010394,134,0.0
1743188010,194.431,194.451,0.0,0,1743188010731,134,0.0
1743188010,194.425,194.446,0.0,0,1743188010764,134,0.0
1743188011,194.424,194.444,0.0,0,1743188011055,134,0.0
1743188011,194.423,194.443,0.0,0,1743188011724,134,0.0
1743188012,194.424,194.444,0.0,0,1743188012041,134,0.0
1743188012,194.423,194.443,0.0,0,1743188012373,134,0.0
1743188012,194.424,194.445,0.0,0,1743188012701,134,0.0
1743188012,194.421,194.442,0.0,0,1743188012740,134,0.0
1743188013,194.41,194.43,0.0,0,1743188013365,134,0.0
1743188013,194.407,194.427,0.0,0,1743188013392,134,0.0
1743188013,194.41,194.43,0.0,0,1743188013694,134,0.0
1743188014,194.412,194.432,0.0,0,1743188014029,134,0.0
1743188014,194.408,194.428,0.0,0,1743188014053,134,0.0
1743188014,194.409,194.429,0.0,0,1743188014353,134,0.0
1743188014,194.407,194.427,0.0,0,1743188014686,134,0.0
1743188015,194.409,194.43,0.0,0,1743188015015,134,0.0
1743188015,194.408,194.428,0.0,0,1743188015344,134,0.0
1743188015,194.409,194.429,0.0,0,1743188015674,134,0.0
1743188016,194.412,194.432,0.0,0,1743188016006,134,0.0
1743188016,194.418,194.439,0.0,0,1743188016335,134,0.0
1743188016,194.413,194.434,0.0,0,1743188016665,134,0.0
1743188016,194.414,194.435,0.0,0,1743188016994,134,0.0
1743188017,194.413,194.434,0.0,0,1743188017655,134,0.0
1743188017,194.407,194.428,0.0,0,1743188017691,134,0.0
1743188018,194.408,194.429,0.0,0,1743188018972,134,0.0
1743188019,194.411,194.432,0.0,0,1743188019303,134,0.0
1743188019,194.41,194.431,0.0,0,1743188019968,134,0.0
1743188020,194.411,194.432,0.0,0,1743188020294,134,0.0
1743188020,194.418,194.438,0.0,0,1743188020630,134,0.0
1743188020,194.413,194.434,0.0,0,1743188020952,134,0.0
1743188020,194.416,194.437,0.0,0,1743188020982,134,0.0
1743188021,194.413,194.433,0.0,0,1743188021287,134,0.0
1743188021,194.411,194.432,0.0,0,1743188021614,134,0.0
1743188021,194.41,194.43,0.0,0,1743188021945,134,0.0
1743188022,194.409,194.429,0.0,0,1743188022274,134,0.0
1743188022,194.402,194.422,0.0,0,1743188022607,134,0.0
1743188022,194.402,194.423,0.0,0,1743188022934,4,0.0
1743188022,194.402,194.422,0.0,0,1743188022952,4,0.0
1743188023,194.394,194.414,0.0,0,1743188023264,134,0.0
1743188023,194.395,194.416,0.0,0,1743188023311,134,0.0
1743188023,194.397,194.417,0.0,0,1743188023594,134,0.0
1743188023,194.396,194.417,0.0,0,1743188023927,130,0.0
1743188024,194.399,194.42,0.0,0,1743188024256,134,0.0
1743188025,194.398,194.418,0.0,0,1743188025245,134,0.0
1743188025,194.397,194.417,0.0,0,1743188025902,134,0.0
1743188026,194.403,194.423,0.0,0,1743188026236,134,0.0
1743188026,194.401,194.422,0.0,0,1743188026563,134,0.0
1743188026,194.4,194.422,0.0,0,1743188026893,130,0.0
1743188026,194.399,194.42,0.0,0,1743188026898,134,0.0
1743188027,194.398,194.419,0.0,0,1743188027556,134,0.0
1743188028,194.4,194.42,0.0,0,1743188028214,134,0.0
1743188029,194.401,194.422,0.0,0,1743188029866,134,0.0
1743188030,194.406,194.427,0.0,0,1743188030525,134,0.0
1743188030,194.406,194.426,0.0,0,1743188030534,4,0.0
1743188030,194.406,194.427,0.0,0,1743188030853,4,0.0
1743188031,194.405,194.426,0.0,0,1743188031184,134,0.0
1743188031,194.404,194.424,0.0,0,1743188031515,134,0.0
1743188032,194.405,194.426,0.0,0,1743188032173,134,0.0
1743188032,194.405,194.425,0.0,0,1743188032199,4,0.0
1743188032,194.404,194.425,0.0,0,1743188032506,130,0.0
1743188032,194.403,194.424,0.0,0,1743188032832,134,0.0
1743188032,194.404,194.425,0.0,0,1743188032856,134,0.0
1743188033,194.403,194.423,0.0,0,1743188033163,134,0.0
1743188034,194.401,194.422,0.0,0,1743188034152,134,0.0
1743188034,194.415,194.435,0.0,0,1743188034830,134,0.0
1743188035,194.417,194.438,0.0,0,1743188035144,134,0.0
1743188035,194.416,194.437,0.0,0,1743188035180,134,0.0
1743188035,194.417,194.438,0.0,0,1743188035473,134,0.0
1743188035,194.416,194.437,0.0,0,1743188035804,134,0.0
1743188036,194.414,194.436,0.0,0,1743188036140,134,0.0
1743188036,194.412,194.434,0.0,0,1743188036494,134,0.0
1743188036,194.41,194.432,0.0,0,1743188036800,134,0.0
1743188037,194.411,194.433,0.0,0,1743188037150,134,0.0
1743188037,194.41,194.431,0.0,0,1743188037459,134,0.0
1743188037,194.41,194.432,0.0,0,1743188037460,4,0.0
1743188037,194.415,194.436,0.0,0,1743188037807,134,0.0
1743188038,194.412,194.433,0.0,0,1743188038441,134,0.0
1743188038,194.417,194.437,0.0,0,1743188038775,134,0.0
1743188038,194.423,194.443,0.0,0,1743188038820,134,0.0
1743188039,194.43,194.45,0.0,0,1743188039105,134,0.0
1743188039,194.431,194.451,0.0,0,1743188039433,134,0.0
1743188039,194.436,194.456,0.0,0,1743188039765,134,0.0
1743188040,194.435,194.455,0.0,0,1743188040095,134,0.0
1743188040,194.436,194.456,0.0,0,1743188040425,134,0.0
1743188041,194.438,194.458,0.0,0,1743188041082,134,0.0
1743188041,194.442,194.462,0.0,0,1743188041414,134,0.0
1743188041,194.432,194.453,0.0,0,1743188041452,134,0.0
1743188041,194.436,194.457,0.0,0,1743188041743,134,0.0
1743188041,194.436,194.456,0.0,0,1743188041749,4,0.0
1743188042,194.436,194.457,0.0,0,1743188042073,4,0.0
1743188042,194.439,194.459,0.0,0,1743188042105,134,0.0
1743188042,194.438,194.46,0.0,0,1743188042402,134,0.0
1743188042,194.438,194.459,0.0,0,1743188042408,4,0.0
1743188043,194.438,194.458,0.0,0,1743188043067,4,0.0
1743188043,194.435,194.456,0.0,0,1743188043073,134,0.0
1743188043,194.425,194.445,0.0,0,1743188043392,134,0.0
1743188044,194.419,194.439,0.0,0,1743188044055,134,0.0
1743188044,194.42,194.44,0.0,0,1743188044712,134,0.0
1743188045,194.421,194.44,0.0,0,1743188045043,130,0.0
1743188045,194.421,194.441,0.0,0,1743188045373,4,0.0
1743188045,194.425,194.445,0.0,0,1743188045702,134,0.0
1743188046,194.422,194.442,0.0,0,1743188046033,134,0.0
1743188046,194.419,194.439,0.0,0,1743188046404,134,0.0
1743188046,194.418,194.437,0.0,0,1743188046696,134,0.0
1743188047,194.418,194.438,0.0,0,1743188047025,4,0.0
1743188047,194.416,194.436,0.0,0,1743188047685,134,0.0
1743188049,194.412,194.432,0.0,0,1743188049005,134,0.0
1743188050,194.411,194.431,0.0,0,1743188050664,134,0.0
1743188050,194.413,194.434,0.0,0,1743188050984,134,0.0
1743188051,194.412,194.433,0.0,0,1743188051313,134,0.0
1743188051,194.415,194.435,0.0,0,1743188051643,134,0.0
1743188051,194.416,194.436,0.0,0,1743188051975,134,0.0
1743188052,194.414,194.434,0.0,0,1743188052634,134,0.0
1743188053,194.415,194.435,0.0,0,1743188053640,134,0.0
1743188054,194.412,194.434,0.0,0,1743188054611,134,0.0
1743188054,194.414,194.434,0.0,0,1743188054651,130,0.0
1743188054,194.403,194.423,0.0,0,1743188054945,134,0.0
1743188054,194.401,194.421,0.0,0,1743188054954,134,0.0
1743188055,194.401,194.422,0.0,0,1743188055276,4,0.0
1743188055,194.403,194.423,0.0,0,1743188055612,134,0.0
1743188055,194.401,194.421,0.0,0,1743188055947,134,0.0
1743188055,194.402,194.423,0.0,0,1743188055968,134,0.0
1743188056,194.403,194.423,0.0,0,1743188056266,130,0.0
1743188056,194.405,194.425,0.0,0,1743188056595,134,0.0
1743188056,194.407,194.428,0.0,0,1743188056933,134,0.0
1743188058,194.405,194.426,0.0,0,1743188058593,134,0.0
1743188058,194.402,194.422,0.0,0,1743188058904,134,0.0
1743188059,194.401,194.422,0.0,0,1743188059565,130,0.0
1743188060,194.404,194.424,0.0,0,1743188060222,134,0.0
1743188060,194.406,194.427,0.0,0,1743188060257,134,0.0
1743188060,194.405,194.425,0.0,0,1743188060554,134,0.0
1743188060,194.407,194.428,0.0,0,1743188060563,134,0.0
1743188060,194.409,194.429,0.0,0,1743188060882,134,0.0
1743188060,194.412,194.432,0.0,0,1743188060925,134,0.0
1743188061,194.41,194.431,0.0,0,1743188061214,134,0.0
1743188061,194.417,194.437,0.0,0,1743188061873,134,0.0
1743188061,194.417,194.438,0.0,0,1743188061876,4,0.0
1743188062,194.417,194.437,0.0,0,1743188062864,4,0.0
1743188063,194.415,194.435,0.0,0,1743188063192,134,0.0
1743188063,194.416,194.437,0.0,0,1743188063524,134,0.0
1743188063,194.413,194.433,0.0,0,1743188063551,134,0.0
1743188064,194.414,194.435,0.0,0,1743188064189,134,0.0
1743188064,194.416,194.436,0.0,0,1743188064203,134,0.0
1743188064,194.413,194.434,0.0,0,1743188064518,134,0.0
1743188065,194.416,194.437,0.0,0,1743188065173,134,0.0
1743188065,194.415,194.435,0.0,0,1743188065213,134,0.0
1743188065,194.411,194.431,0.0,0,1743188065504,134,0.0
1743188065,194.417,194.437,0.0,0,1743188065831,134,0.0
1743188066,194.42,194.44,0.0,0,1743188066165,134,0.0
1743188066,194.421,194.441,0.0,0,1743188066175,134,0.0
1743188066,194.42,194.44,0.0,0,1743188066493,134,0.0
1743188066,194.418,194.438,0.0,0,1743188066825,134,0.0
1743188067,194.415,194.435,0.0,0,1743188067154,134,0.0
1743188067,194.415,194.436,0.0,0,1743188067486,4,0.0
1743188068,194.407,194.428,0.0,0,1743188068143,134,0.0
1743188068,194.408,194.43,0.0,0,1743188068153,134,0.0
1743188068,194.407,194.428,0.0,0,1743188068471,134,0.0
1743188069,194.408,194.428,0.0,0,1743188069464,130,0.0
1743188069,194.407,194.428,0.0,0,1743188069792,130,0.0
1743188070,194.409,194.43,0.0,0,1743188070127,134,0.0
1743188070,194.406,194.427,0.0,0,1743188070163,134,0.0
1743188070,194.406,194.426,0.0,0,1743188070782,4,0.0
1743188072,194.405,194.425,0.0,0,1743188072139,134,0.0
1743188072,194.406,194.426,0.0,0,1743188072432,134,0.0
1743188072,194.413,194.432,0.0,0,1743188072792,134,0.0
1743188073,194.412,194.432,0.0,0,1743188073098,130,0.0
1743188073,194.414,194.434,0.0,0,1743188073422,134,0.0
1743188074,194.407,194.427,0.0,0,1743188074409,134,0.0
1743188074,194.404,194.424,0.0,0,1743188074741,134,0.0
1743188075,194.403,194.423,0.0,0,1743188075073,134,0.0
1743188078,194.404,194.424,0.0,0,1743188078376,134,0.0
1743188078,194.403,194.423,0.0,0,1743188078404,134,0.0
1743188078,194.402,194.423,0.0,0,1743188078706,130,0.0
1743188079,194.403,194.423,0.0,0,1743188079364,130,0.0
1743188080,194.404,194.424,0.0,0,1743188080031,134,0.0
1743188080,194.397,194.416,0.0,0,1743188080355,134,0.0
1743188080,194.396,194.416,0.0,0,1743188080682,130,0.0
1743188081,194.399,194.419,0.0,0,1743188081390,134,0.0
1743188082,194.392,194.412,0.0,0,1743188082008,134,0.0
1743188082,194.39,194.41,0.0,0,1743188082333,134,0.0
1743188082,194.389,194.409,0.0,0,1743188082358,134,0.0
1743188082,194.392,194.412,0.0,0,1743188082666,134,0.0
1743188082,194.393,194.413,0.0,0,1743188082995,134,0.0
1743188083,194.395,194.415,0.0,0,1743188083324,134,0.0
1743188083,194.394,194.414,0.0,0,1743188083653,134,0.0
1743188083,194.392,194.412,0.0,0,1743188083672,134,0.0
1743188083,194.394,194.414,0.0,0,1743188083986,134,0.0
1743188084,194.395,194.415,0.0,0,1743188084311,134,0.0
1743188084,194.396,194.417,0.0,0,1743188084644,134,0.0
1743188084,194.396,194.416,0.0,0,1743188084985,4,0.0
1743188085,194.399,194.42,0.0,0,1743188085304,134,0.0
1743188085,194.401,194.421,0.0,0,1743188085996,134,0.0
1743188086,194.399,194.42,0.0,0,1743188086298,134,0.0
1743188086,194.397,194.417,0.0,0,1743188086954,134,0.0
1743188087,194.394,194.414,0.0,0,1743188087282,134,0.0
1743188089,194.392,194.412,0.0,0,1743188089265,134,0.0
1743188089,194.394,194.414,0.0,0,1743188089282,134,0.0
1743188090,194.386,194.406,0.0,0,1743188090257,134,0.0
1743188090,194.387,194.407,0.0,0,1743188090292,134,0.0
1743188090,194.39,194.411,0.0,0,1743188090587,134,0.0
1743188090,194.388,194.408,0.0,0,1743188090914,134,0.0
1743188091,194.389,194.409,0.0,0,1743188091243,134,0.0
1743188092,194.39,194.411,0.0,0,1743188092237,134,0.0
1743188092,194.391,194.412,0.0,0,1743188092561,134,0.0
1743188092,194.392,194.412,0.0,0,1743188092894,130,0.0
1743188095,194.395,194.415,0.0,0,1743188095865,134,0.0
1743188097,194.4,194.42,0.0,0,1743188097188,134,0.0
1743188097,194.401,194.421,0.0,0,1743188097841,134,0.0
1743188098,194.404,194.424,0.0,0,1743188098177,134,0.0
1743188098,194.405,194.426,0.0,0,1743188098503,134,0.0
1743188098,194.406,194.426,0.0,0,1743188098837,130,0.0
1743188098,194.394,194.414,0.0,0,1743188098852,134,0.0
1743188099,194.395,194.415,0.0,0,1743188099177,134,0.0
1743188099,194.398,194.418,0.0,0,1743188099493,134,0.0
1743188099,194.396,194.416,0.0,0,1743188099864,134,0.0
1743188100,194.398,194.418,0.0,0,1743188100154,134,0.0
1743188100,194.387,194.407,0.0,0,1743188100483,134,0.0
1743188100,194.388,194.408,0.0,0,1743188100813,134,0.0
1743188101,194.391,194.411,0.0,0,1743188101194,134,0.0
1743188101,194.389,194.409,0.0,0,1743188101471,134,0.0
1743188101,194.387,194.407,0.0,0,1743188101847,134,0.0
1743188102,194.374,194.394,0.0,0,1743188102134,134,0.0
1743188102,194.371,194.391,0.0,0,1743188102141,134,0.0
1743188102,194.369,194.39,0.0,0,1743188102463,134,0.0
1743188102,194.368,194.388,0.0,0,1743188102531,134,0.0
1743188102,194.371,194.391,0.0,0,1743188102793,134,0.0
1743188103,194.369,194.389,0.0,0,1743188103453,134,0.0
1743188103,194.367,194.387,0.0,0,1743188103785,134,0.0
1743188104,194.372,194.392,0.0,0,1743188104115,134,0.0
1743188104,194.373,194.393,0.0,0,1743188104817,134,0.0
1743188105,194.372,194.392,0.0,0,1743188105103,134,0.0
1743188105,194.372,194.393,0.0,0,1743188105120,4,0.0
1743188105,194.372,194.392,0.0,0,1743188105430,4,0.0
1743188106,194.369,194.389,0.0,0,1743188106099,134,0.0
1743188106,194.371,194.391,0.0,0,1743188106132,134,0.0
1743188106,194.372,194.392,0.0,0,1743188106432,134,0.0
1743188106,194.366,194.386,0.0,0,1743188106756,134,0.0
1743188107,194.365,194.385,0.0,0,1743188107085,134,0.0
1743188108,194.38,194.4,0.0,0,1743188108405,134,0.0
1743188108,194.391,194.41,0.0,0,1743188108734,134,0.0
1743188108,194.39,194.41,0.0,0,1743188108758,130,0.0
1743188109,194.389,194.409,0.0,0,1743188109064,134,0.0
1743188109,194.387,194.407,0.0,0,1743188109393,134,0.0
1743188109,194.388,194.409,0.0,0,1743188109412,134,0.0
1743188109,194.395,194.415,0.0,0,1743188109724,134,0.0
1743188110,194.392,194.412,0.0,0,1743188110052,134,0.0
1743188110,194.392,194.413,0.0,0,1743188110383,4,0.0
1743188110,194.394,194.414,0.0,0,1743188110712,134,0.0
1743188110,194.395,194.415,0.0,0,1743188110731,134,0.0
1743188111,194.394,194.414,0.0,0,1743188111386,134,0.0
1743188111,194.392,194.412,0.0,0,1743188111706,134,0.0
1743188112,194.383,194.403,0.0,0,1743188112033,134,0.0
1743188112,194.384,194.404,0.0,0,1743188112039,134,0.0
1743188112,194.383,194.403,0.0,0,1743188112363,134,0.0
1743188113,194.382,194.401,0.0,0,1743188113051,134,0.0
1743188113,194.38,194.4,0.0,0,1743188113354,134,0.0
1743188113,194.383,194.403,0.0,0,1743188113357,134,0.0
1743188113,194.382,194.401,0.0,0,1743188113680,134,0.0
1743188114,194.38,194.4,0.0,0,1743188114340,134,0.0
1743188115,194.379,194.399,0.0,0,1743188115005,134,0.0
1743188115,194.377,194.398,0.0,0,1743188115033,134,0.0
1743188115,194.375,194.395,0.0,0,1743188115332,134,0.0
1743188115,194.376,194.396,0.0,0,1743188115662,134,0.0
1743188116,194.373,194.393,0.0,0,1743188116328,134,0.0
1743188116,194.372,194.392,0.0,0,1743188116341,134,0.0
1743188116,194.378,194.398,0.0,0,1743188116657,134,0.0
1743188116,194.379,194.399,0.0,0,1743188116982,134,0.0
1743188117,194.378,194.398,0.0,0,1743188117313,134,0.0
1743188117,194.379,194.399,0.0,0,1743188117639,134,0.0
1743188117,194.378,194.398,0.0,0,1743188117970,134,0.0
1743188118,194.369,194.389,0.0,0,1743188118005,134,0.0
1743188118,194.37,194.39,0.0,0,1743188118301,134,0.0
1743188118,194.372,194.392,0.0,0,1743188118633,134,0.0
1743188118,194.37,194.391,0.0,0,1743188118964,134,0.0
1743188119,194.369,194.389,0.0,0,1743188119294,134,0.0
1743188119,194.37,194.39,0.0,0,1743188119628,134,0.0
1743188119,194.369,194.389,0.0,0,1743188119953,134,0.0
1743188120,194.37,194.39,0.0,0,1743188120288,134,0.0
1743188120,194.372,194.392,0.0,0,1743188120943,134,0.0
1743188121,194.374,194.394,0.0,0,1743188121274,134,0.0
1743188121,194.377,194.398,0.0,0,1743188121609,134,0.0
1743188121,194.389,194.41,0.0,0,1743188121931,134,0.0
1743188122,194.391,194.411,0.0,0,1743188122023,134,0.0
1743188122,194.385,194.406,0.0,0,1743188122268,134,0.0
1743188122,194.384,194.404,0.0,0,1743188122594,134,0.0
1743188123,194.387,194.408,0.0,0,1743188123274,134,0.0
1743188123,194.385,194.406,0.0,0,1743188123585,134,0.0
1743188123,194.386,194.407,0.0,0,1743188123913,134,0.0
1743188124,194.387,194.407,0.0,0,1743188124249,130,0.0
1743188124,194.388,194.408,0.0,0,1743188124284,134,0.0
1743188124,194.388,194.41,0.0,0,1743188124574,4,0.0
1743188124,194.387,194.407,0.0,0,1743188124901,134,0.0
1743188125,194.386,194.406,0.0,0,1743188125233,134,0.0
1743188126,194.39,194.41,0.0,0,1743188126913,134,0.0
1743188127,194.393,194.413,0.0,0,1743188127211,134,0.0
1743188128,194.392,194.412,0.0,0,1743188128203,134,0.0
1743188128,194.393,194.413,0.0,0,1743188128532,134,0.0
1743188128,194.387,194.407,0.0,0,1743188128865,134,0.0
1743188128,194.389,194.409,0.0,0,1743188128883,134,0.0
1743188129,194.399,194.419,0.0,0,1743188129196,134,0.0
1743188129,194.396,194.416,0.0,0,1743188129523,134,0.0
1743188129,194.397,194.417,0.0,0,1743188129540,134,0.0
1743188130,194.398,194.417,0.0,0,1743188130196,130,0.0
1743188130,194.396,194.416,0.0,0,1743188130844,134,0.0
1743188131,194.393,194.414,0.0,0,1743188131175,134,0.0
1743188131,194.395,194.415,0.0,0,1743188131211,134,0.0
1743188131,194.39,194.41,0.0,0,1743188131514,134,0.0
1743188131,194.394,194.414,0.0,0,1743188131833,134,0.0
1743188132,194.394,194.413,0.0,0,1743188132169,4,0.0
1743188132,194.394,194.414,0.0,0,1743188132491,4,0.0
1743188132,194.396,194.416,0.0,0,1743188132824,134,0.0
1743188133,194.401,194.421,0.0,0,1743188133153,134,0.0
1743188133,194.4,194.42,0.0,0,1743188133486,134,0.0
1743188134,194.401,194.421,0.0,0,1743188134141,134,0.0
1743188134,194.394,194.414,0.0,0,1743188134472,134,0.0
1743188134,194.392,194.413,0.0,0,1743188134496,134,0.0
1743188134,194.384,194.404,0.0,0,1743188134804,134,0.0
1743188135,194.386,194.406,0.0,0,1743188135154,134,0.0
1743188135,194.388,194.408,0.0,0,1743188135793,134,0.0
1743188136,194.39,194.41,0.0,0,1743188136122,134,0.0
1743188136,194.387,194.407,0.0,0,1743188136453,134,0.0
1743188136,194.389,194.409,0.0,0,1743188136781,134,0.0
1743188136,194.387,194.407,0.0,0,1743188136830,134,0.0
1743188137,194.389,194.409,0.0,0,1743188137134,134,0.0
1743188137,194.387,194.407,0.0,0,1743188137441,134,0.0
1743188138,194.385,194.404,0.0,0,1743188138105,134,0.0
1743188138,194.395,194.415,0.0,0,1743188138762,134,0.0
1743188138,194.393,194.412,0.0,0,1743188138803,134,0.0
1743188139,194.391,194.411,0.0,0,1743188139754,134,0.0
1743188140,194.394,194.414,0.0,0,1743188140114,134,0.0
1743188140,194.393,194.413,0.0,0,1743188140419,134,0.0
1743188142,194.394,194.414,0.0,0,1743188142062,134,0.0
1743188142,194.397,194.417,0.0,0,1743188142092,134,0.0
1743188143,194.398,194.418,0.0,0,1743188143106,134,0.0
1743188143,194.397,194.417,0.0,0,1743188143714,134,0.0
1743188144,194.398,194.418,0.0,0,1743188144373,134,0.0
1743188144,194.395,194.415,0.0,0,1743188144706,134,0.0
1743188144,194.398,194.418,0.0,0,1743188144718,134,0.0
1743188145,194.397,194.417,0.0,0,1743188145031,134,0.0
1743188145,194.394,194.414,0.0,0,1743188145378,134,0.0
1743188145,194.385,194.405,0.0,0,1743188145691,134,0.0
1743188145,194.383,194.403,0.0,0,1743188145728,134,0.0
1743188146,194.385,194.405,0.0,0,1743188146021,134,0.0
1743188146,194.383,194.403,0.0,0,1743188146355,134,0.0
1743188146,194.385,194.405,0.0,0,1743188146693,134,0.0
1743188147,194.386,194.406,0.0,0,1743188147673,134,0.0
1743188147,194.388,194.408,0.0,0,1743188147708,134,0.0
1743188148,194.385,194.405,0.0,0,1743188148332,134,0.0
1743188148,194.386,194.406,0.0,0,1743188148668,134,0.0
1743188148,194.385,194.405,0.0,0,1743188148670,134,0.0
1743188149,194.393,194.413,0.0,0,1743188149683,134,0.0
1743188149,194.401,194.421,0.0,0,1743188149986,134,0.0
1743188150,194.398,194.418,0.0,0,1743188150973,134,0.0
1743188151,194.4,194.42,0.0,0,1743188151306,134,0.0
1743188151,194.402,194.423,0.0,0,1743188151347,134,0.0
1743188151,194.407,194.427,0.0,0,1743188151634,134,0.0
1743188153,194.408,194.428,0.0,0,1743188153612,134,0.0
1743188153,194.407,194.427,0.0,0,1743188153623,134,0.0
1743188153,194.405,194.425,0.0,0,1743188153942,134,0.0
1743188154,194.406,194.426,0.0,0,1743188154273,134,0.0
1743188154,194.409,194.43,0.0,0,1743188154602,134,0.0
1743188154,194.411,194.431,0.0,0,1743188154640,134,0.0
1743188155,194.408,194.429,0.0,0,1743188155263,134,0.0
1743188155,194.405,194.425,0.0,0,1743188155304,134,0.0
1743188155,194.408,194.428,0.0,0,1743188155595,134,0.0
1743188156,194.409,194.43,0.0,0,1743188156254,134,0.0
1743188157,194.411,194.431,0.0,0,1743188157276,134,0.0
1743188157,194.41,194.43,0.0,0,1743188157570,134,0.0
1743188157,194.408,194.428,0.0,0,1743188157901,134,0.0
1743188158,194.406,194.426,0.0,0,1743188158234,134,0.0
1743188158,194.407,194.427,0.0,0,1743188158564,134,0.0
1743188159,194.411,194.431,0.0,0,1743188159223,134,0.0
1743188159,194.408,194.428,0.0,0,1743188159253,134,0.0
1743188160,194.408,194.428,0.0,0,1743188160208,130,0.0
1743188160,194.41,194.43,0.0,0,1743188160541,134,0.0
1743188161,194.408,194.428,0.0,0,1743188161202,134,0.0
1743188161,194.41,194.43,0.0,0,1743188161570,134,0.0
1743188161,194.411,194.431,0.0,0,1743188161861,134,0.0
1743188162,194.413,194.433,0.0,0,1743188162522,134,0.0
1743188162,194.411,194.431,0.0,0,1743188162532,134,0.0
1743188163,194.41,194.43,0.0,0,1743188163188,134,0.0
1743188163,194.408,194.428,0.0,0,1743188163511,134,0.0
1743188163,194.414,194.434,0.0,0,1743188163850,134,0.0
1743188163,194.416,194.436,0.0,0,1743188163851,134,0.0
1743188164,194.424,194.444,0.0,0,1743188164173,134,0.0
1743188164,194.431,194.451,0.0,0,1743188164201,134,0.0
1743188164,194.428,194.448,0.0,0,1743188164501,134,0.0
1743188164,194.427,194.447,0.0,0,1743188164507,134,0.0
1743188164,194.431,194.451,0.0,0,1743188164833,134,0.0
1743188165,194.433,194.453,0.0,0,1743188165490,134,0.0
1743188165,194.432,194.452,0.0,0,1743188165824,134,0.0
1743188165,194.431,194.451,0.0,0,1743188165868,134,0.0
1743188166,194.428,194.448,0.0,0,1743188166480,134,0.0
1743188166,194.424,194.444,0.0,0,1743188166815,134,0.0
1743188167,194.425,194.445,0.0,0,1743188167143,134,0.0
1743188167,194.431,194.451,0.0,0,1743188167471,134,0.0
1743188168,194.435,194.455,0.0,0,1743188168131,134,0.0
1743188168,194.436,194.457,0.0,0,1743188168147,134,0.0
1743188168,194.436,194.456,0.0,0,1743188168463,4,0.0
1743188168,194.438,194.458,0.0,0,1743188168794,134,0.0
1743188169,194.434,194.454,0.0,0,1743188169125,134,0.0
1743188169,194.431,194.451,0.0,0,1743188169157,134,0.0
1743188169,194.435,194.455,0.0,0,1743188169455,134,0.0
1743188169,194.436,194.457,0.0,0,1743188169459,134,0.0
1743188169,194.433,194.453,0.0,0,1743188169789,134,0.0
1743188171,194.434,194.454,0.0,0,1743188171104,134,0.0
1743188171,194.431,194.451,0.0,0,1743188171438,134,0.0
1743188171,194.43,194.45,0.0,0,1743188171444,134,0.0
1743188171,194.431,194.451,0.0,0,1743188171761,134,0.0
1743188172,194.433,194.453,0.0,0,1743188172097,134,0.0
1743188172,194.425,194.445,0.0,0,1743188172421,134,0.0
1743188173,194.419,194.439,0.0,0,1743188173084,134,0.0
1743188173,194.418,194.438,0.0,0,1743188173410,134,0.0
1743188174,194.419,194.439,0.0,0,1743188174403,134,0.0
1743188174,194.423,194.444,0.0,0,1743188174420,134,0.0
1743188174,194.422,194.442,0.0,0,1743188174731,134,0.0
1743188175,194.413,194.433,0.0,0,1743188175062,134,0.0
1743188175,194.415,194.435,0.0,0,1743188175079,134,0.0
1743188175,194.412,194.431,0.0,0,1743188175738,134,0.0
1743188176,194.411,194.431,0.0,0,1743188176057,130,0.0
1743188176,194.404,194.424,0.0,0,1743188176746,134,0.0
1743188177,194.407,194.427,0.0,0,1743188177041,134,0.0
1743188177,194.411,194.431,0.0,0,1743188177373,134,0.0
1743188178,194.414,194.434,0.0,0,1743188178367,134,0.0
1743188179,194.413,194.433,0.0,0,1743188179352,134,0.0
1743188179,194.411,194.431,0.0,0,1743188179378,134,0.0
1743188180,194.422,194.442,0.0,0,1743188180012,134,0.0
1743188180,194.424,194.444,0.0,0,1743188180387,134,0.0
1743188181,194.425,194.445,0.0,0,1743188181001,134,0.0
1743188181,194.428,194.448,0.0,0,1743188181341,134,0.0
1743188181,194.426,194.446,0.0,0,1743188181352,134,0.0
1743188181,194.428,194.448,0.0,0,1743188181661,134,0.0
1743188182,194.424,194.444,0.0,0,1743188182323,134,0.0
1743188182,194.425,194.445,0.0,0,1743188182663,134,0.0
1743188183,194.434,194.454,0.0,0,1743188183313,134,0.0
1743188184,194.442,194.462,0.0,0,1743188184305,134,0.0
1743188185,194.445,194.465,0.0,0,1743188185293,134,0.0
1743188185,194.446,194.466,0.0,0,1743188185622,134,0.0
1743188185,194.444,194.464,0.0,0,1743188185954,134,0.0
1743188186,194.448,194.468,0.0,0,1743188186282,134,0.0
1743188187,194.449,194.469,0.0,0,1743188187317,134,0.0
1743188187,194.458,194.478,0.0,0,1743188187936,134,0.0
1743188187,194.456,194.476,0.0,0,1743188187977,134,0.0
1743188188,194.461,194.481,0.0,0,1743188188262,134,0.0
1743188188,194.465,194.485,0.0,0,1743188188595,134,0.0
1743188189,194.459,194.48,0.0,0,1743188189252,134,0.0
1743188189,194.457,194.477,0.0,0,1743188189581,134,0.0
1743188189,194.46,194.48,0.0,0,1743188189910,134,0.0
1743188190,194.458,194.478,0.0,0,1743188190249,134,0.0
1743188190,194.46,194.48,0.0,0,1743188190902,134,0.0
1743188191,194.466,194.486,0.0,0,1743188191233,134,0.0
1743188191,194.465,194.485,0.0,0,1743188191564,134,0.0
1743188192,194.463,194.483,0.0,0,1743188192225,134,0.0
1743188192,194.461,194.481,0.0,0,1743188192554,134,0.0
1743188192,194.458,194.478,0.0,0,1743188192883,134,0.0
1743188192,194.457,194.477,0.0,0,1743188192924,134,0.0
1743188193,194.459,194.479,0.0,0,1743188193544,134,0.0
1743188193,194.457,194.477,0.0,0,1743188193586,134,0.0
1743188193,194.459,194.479,0.0,0,1743188193873,134,0.0
1743188194,194.462,194.482,0.0,0,1743188194200,134,0.0
1743188194,194.46,194.48,0.0,0,1743188194530,134,0.0
1743188197,194.461,194.482,0.0,0,1743188197173,134,0.0
1743188197,194.459,194.479,0.0,0,1743188197500,134,0.0
1743188197,194.46,194.48,0.0,0,1743188197833,134,0.0
1743188198,194.455,194.475,0.0,0,1743188198162,134,0.0
1743188198,194.456,194.476,0.0,0,1743188198174,134,0.0
1743188198,194.46,194.48,0.0,0,1743188198489,134,0.0
1743188199,194.459,194.479,0.0,0,1743188199479,134,0.0
1743188202,194.457,194.477,0.0,0,1743188202123,134,0.0
1743188202,194.443,194.463,0.0,0,1743188202454,134,0.0
1743188202,194.442,194.462,0.0,0,1743188202469,134,0.0
1743188202,194.441,194.462,0.0,0,1743188202783,130,0.0
1743188202,194.44,194.46,0.0,0,1743188202851,134,0.0
1743188203,194.445,194.465,0.0,0,1743188203112,134,0.0
1743188203,194.445,194.464,0.0,0,1743188203444,4,0.0
1743188204,194.444,194.465,0.0,0,1743188204102,134,0.0
1743188204,194.437,194.457,0.0,0,1743188204435,134,0.0
1743188204,194.438,194.459,0.0,0,1743188204439,134,0.0
1743188204,194.438,194.458,0.0,0,1743188204764,4,0.0
1743188205,194.436,194.457,0.0,0,1743188205090,134,0.0
1743188205,194.437,194.458,0.0,0,1743188205425,134,0.0
1743188205,194.431,194.452,0.0,0,1743188205449,134,0.0
1743188205,194.432,194.453,0.0,0,1743188205756,134,0.0
1743188206,194.431,194.452,0.0,0,1743188206086,134,0.0
1743188206,194.43,194.45,0.0,0,1743188206108,134,0.0
1743188206,194.429,194.449,0.0,0,1743188206411,134,0.0
1743188206,194.43,194.45,0.0,0,1743188206460,134,0.0
1743188207,194.432,194.453,0.0,0,1743188207076,134,0.0
1743188207,194.433,194.453,0.0,0,1743188207117,130,0.0
1743188207,194.43,194.45,0.0,0,1743188207404,134,0.0
1743188207,194.425,194.446,0.0,0,1743188207418,134,0.0
1743188207,194.428,194.449,0.0,0,1743188207734,134,0.0
1743188207,194.429,194.45,0.0,0,1743188207774,134,0.0
1743188208,194.428,194.448,0.0,0,1743188208063,134,0.0
1743188209,194.437,194.457,0.0,0,1743188209053,134,0.0
1743188209,194.438,194.459,0.0,0,1743188209086,134,0.0
1743188209,194.437,194.458,0.0,0,1743188209383,134,0.0
1743188209,194.438,194.459,0.0,0,1743188209389,134,0.0
1743188209,194.437,194.458,0.0,0,1743188209712,134,0.0
1743188209,194.438,194.459,0.0,0,1743188209744,134,0.0
1743188210,194.439,194.459,0.0,0,1743188210041,130,0.0
1743188210,194.437,194.459,0.0,0,1743188210049,130,0.0
1743188210,194.437,194.458,0.0,0,1743188210374,4,0.0
1743188210,194.435,194.456,0.0,0,1743188210401,134,0.0
1743188210,194.437,194.459,0.0,0,1743188210702,134,0.0
1743188211,194.436,194.458,0.0,0,1743188211029,134,0.0
1743188211,194.438,194.459,0.0,0,1743188211057,134,0.0
1743188211,194.442,194.463,0.0,0,1743188211368,134,0.0
1743188211,194.441,194.461,0.0,0,1743188211693,134,0.0
1743188211,194.443,194.463,0.0,0,1743188211714,134,0.0
1743188212,194.441,194.463,0.0,0,1743188212022,130,0.0
1743188212,194.444,194.464,0.0,0,1743188212070,134,0.0
1743188212,194.44,194.46,0.0,0,1743188212354,134,0.0
1743188212,194.447,194.468,0.0,0,1743188212371,134,0.0
1743188212,194.437,194.457,0.0,0,1743188212683,134,0.0
1743188213,194.436,194.456,0.0,0,1743188213029,134,0.0
1743188213,194.44,194.461,0.0,0,1743188213341,134,0.0
1743188213,194.439,194.459,0.0,0,1743188213384,134,0.0
1743188213,194.44,194.461,0.0,0,1743188213673,134,0.0
1743188214,194.438,194.458,0.0,0,1743188214003,134,0.0
1743188214,194.436,194.456,0.0,0,1743188214332,134,0.0
1743188214,194.438,194.458,0.0,0,1743188214992,134,0.0
1743188214,194.436,194.456,0.0,0,1743188214998,134,0.0
1743188215,194.44,194.462,0.0,0,1743188215323,134,0.0
1743188215,194.437,194.459,0.0,0,1743188215651,134,0.0
1743188216,194.437,194.458,0.0,0,1743188216314,4,0.0
1743188216,194.436,194.456,0.0,0,1743188216316,134,0.0
1743188216,194.435,194.455,0.0,0,1743188216971,134,0.0
1743188217,194.436,194.456,0.0,0,1743188217301,134,0.0
1743188217,194.435,194.455,0.0,0,1743188217631,134,0.0
1743188217,194.436,194.456,0.0,0,1743188217962,134,0.0
1743188217,194.439,194.459,0.0,0,1743188217979,134,0.0
1743188218,194.437,194.457,0.0,0,1743188218303,134,0.0
1743188218,194.434,194.454,0.0,0,1743188218335,134,0.0
1743188218,194.43,194.45,0.0,0,1743188218620,134,0.0
1743188218,194.429,194.45,0.0,0,1743188218634,130,0.0
1743188218,194.431,194.451,0.0,0,1743188218990,134,0.0
1743188219,194.43,194.45,0.0,0,1743188219610,134,0.0
1743188220,194.428,194.448,0.0,0,1743188220270,134,0.0
1743188220,194.43,194.45,0.0,0,1743188220303,134,0.0
1743188220,194.433,194.453,0.0,0,1743188220603,134,0.0
1743188220,194.434,194.454,0.0,0,1743188220605,134,0.0
1743188220,194.437,194.457,0.0,0,1743188220932,134,0.0
1743188221,194.438,194.459,0.0,0,1743188221264,134,0.0
1743188221,194.439,194.458,0.0,0,1743188221591,134,0.0
1743188221,194.439,194.459,0.0,0,1743188221924,4,0.0
1743188222,194.437,194.457,0.0,0,1743188222254,134,0.0
1743188222,194.44,194.46,0.0,0,1743188222590,134,0.0
1743188222,194.439,194.459,0.0,0,1743188222912,134,0.0
1743188223,194.449,194.469,0.0,0,1743188223249,134,0.0
1743188223,194.444,194.464,0.0,0,1743188223905,134,0.0
1743188223,194.446,194.466,0.0,0,1743188223942,134,0.0
1743188224,194.441,194.461,0.0,0,1743188224236,134,0.0
1743188224,194.44,194.46,0.0,0,1743188224562,134,0.0
1743188225,194.437,194.457,0.0,0,1743188225223,134,0.0
1743188225,194.438,194.458,0.0,0,1743188225262,134,0.0
1743188225,194.441,194.461,0.0,0,1743188225550,134,0.0
1743188225,194.436,194.456,0.0,0,1743188225882,134,0.0
1743188225,194.437,194.457,0.0,0,1743188225917,134,0.0
1743188226,194.438,194.459,0.0,0,1743188226227,134,0.0
1743188226,194.437,194.457,0.0,0,1743188226541,134,0.0
1743188226,194.436,194.456,0.0,0,1743188226574,134,0.0
1743188227,194.433,194.453,0.0,0,1743188227204,134,0.0
1743188227,194.436,194.456,0.0,0,1743188227530,134,0.0
1743188227,194.439,194.459,0.0,0,1743188227863,134,0.0
1743188228,194.441,194.461,0.0,0,1743188228522,134,0.0
1743188228,194.438,194.458,0.0,0,1743188228850,134,0.0
1743188229,194.443,194.463,0.0,0,1743188229182,134,0.0
1743188229,194.435,194.456,0.0,0,1743188229557,134,0.0
1743188229,194.437,194.457,0.0,0,1743188229844,134,0.0
1743188230,194.439,194.46,0.0,0,1743188230172,134,0.0
1743188230,194.438,194.458,0.0,0,1743188230502,134,0.0
1743188231,194.45,194.471,0.0,0,1743188231163,134,0.0
1743188231,194.441,194.461,0.0,0,1743188231491,134,0.0
1743188231,194.438,194.458,0.0,0,1743188231526,134,0.0
1743188231,194.441,194.461,0.0,0,1743188231821,134,0.0
1743188232,194.44,194.461,0.0,0,1743188232153,130,0.0
1743188232,194.441,194.462,0.0,0,1743188232810,134,0.0
1743188233,194.437,194.457,0.0,0,1743188233145,134,0.0
1743188233,194.428,194.448,0.0,0,1743188233472,134,0.0
1743188234,194.426,194.446,0.0,0,1743188234134,134,0.0
1743188234,194.425,194.445,0.0,0,1743188234151,134,0.0
1743188234,194.423,194.444,0.0,0,1743188234464,134,0.0
1743188235,194.425,194.445,0.0,0,1743188235161,134,0.0
1743188235,194.419,194.439,0.0,0,1743188235784,134,0.0
1743188236,194.416,194.437,0.0,0,1743188236111,134,0.0
1743188236,194.418,194.438,0.0,0,1743188236773,134,0.0
1743188237,194.417,194.437,0.0,0,1743188237132,134,0.0
1743188237,194.419,194.44,0.0,0,1743188237436,134,0.0
1743188237,194.414,194.434,0.0,0,1743188237764,134,0.0
1743188237,194.418,194.438,0.0,0,1743188237789,134,0.0
1743188238,194.424,194.444,0.0,0,1743188238096,134,0.0
1743188238,194.419,194.44,0.0,0,1743188238424,134,0.0
1743188238,194.422,194.442,0.0,0,1743188238449,134,0.0
1743188238,194.42,194.44,0.0,0,1743188238751,134,0.0
1743188239,194.419,194.44,0.0,0,1743188239081,130,0.0
1743188239,194.418,194.439,0.0,0,1743188239414,134,0.0
1743188239,194.419,194.44,0.0,0,1743188239743,134,0.0
1743188239,194.421,194.441,0.0,0,1743188239760,134,0.0
1743188240,194.422,194.443,0.0,0,1743188240115,134,0.0
1743188240,194.417,194.437,0.0,0,1743188240728,134,0.0
1743188241,194.419,194.439,0.0,0,1743188241062,134,0.0
1743188241,194.416,194.436,0.0,0,1743188241388,134,0.0
1743188241,194.414,194.435,0.0,0,1743188241418,134,0.0
1743188242,194.417,194.437,0.0,0,1743188242079,134,0.0
1743188243,194.419,194.439,0.0,0,1743188243043,134,0.0
1743188244,194.417,194.437,0.0,0,1743188244066,134,0.0
1743188244,194.419,194.439,0.0,0,1743188244359,134,0.0
1743188244,194.406,194.427,0.0,0,1743188244692,134,0.0
1743188244,194.407,194.428,0.0,0,1743188244720,134,0.0
1743188245,194.408,194.428,0.0,0,1743188245021,130,0.0
1743188245,194.405,194.426,0.0,0,1743188245353,134,0.0
1743188245,194.414,194.434,0.0,0,1743188245681,134,0.0
1743188246,194.409,194.429,0.0,0,1743188246014,134,0.0
1743188246,194.407,194.428,0.0,0,1743188246038,134,0.0
1743188246,194.411,194.431,0.0,0,1743188246345,134,0.0
1743188246,194.412,194.433,0.0,0,1743188246668,134,0.0
1743188247,194.405,194.425,0.0,0,1743188247003,134,0.0
1743188247,194.404,194.424,0.0,0,1743188247330,134,0.0
1743188247,194.399,194.419,0.0,0,1743188247670,134,0.0
1743188248,194.398,194.418,0.0,0,1743188248657,134,0.0
1743188248,194.396,194.417,0.0,0,1743188248674,134,0.0
1743188248,194.397,194.417,0.0,0,1743188248981,130,0.0
1743188249,194.399,194.42,0.0,0,1743188249027,134,0.0
1743188249,194.402,194.423,0.0,0,1743188249312,134,0.0
1743188249,194.405,194.425,0.0,0,1743188249643,134,0.0
1743188249,194.404,194.424,0.0,0,1743188249686,134,0.0
1743188249,194.405,194.425,0.0,0,1743188249971,134,0.0
1743188250,194.411,194.431,0.0,0,1743188250309,134,0.0
1743188250,194.407,194.427,0.0,0,1743188250342,134,0.0
1743188250,194.413,194.433,0.0,0,1743188250632,134,0.0
1743188250,194.406,194.426,0.0,0,1743188250965,134,0.0
1743188251,194.404,194.424,0.0,0,1743188251003,134,0.0
1743188251,194.406,194.426,0.0,0,1743188251293,134,0.0
1743188251,194.403,194.423,0.0,0,1743188251621,134,0.0
1743188252,194.412,194.432,0.0,0,1743188252284,134,0.0
1743188252,194.413,194.434,0.0,0,1743188252337,134,0.0
1743188252,194.418,194.438,0.0,0,1743188252611,134,0.0
1743188252,194.417,194.437,0.0,0,1743188252944,134,0.0
1743188253,194.414,194.434,0.0,0,1743188253276,134,0.0
1743188253,194.413,194.434,0.0,0,1743188253281,130,0.0
1743188253,194.411,194.431,0.0,0,1743188253604,134,0.0
1743188253,194.41,194.43,0.0,0,1743188253629,134,0.0
1743188253,194.414,194.433,0.0,0,1743188253932,134,0.0
1743188254,194.41,194.43,0.0,0,1743188254265,134,0.0
1743188254,194.411,194.432,0.0,0,1743188254606,134,0.0
1743188254,194.418,194.438,0.0,0,1743188254920,134,0.0
1743188255,194.419,194.439,0.0,0,1743188255253,134,0.0
1743188256,194.415,194.435,0.0,0,1743188256240,134,0.0
1743188256,194.417,194.437,0.0,0,1743188256259,134,0.0
1743188256,194.418,194.438,0.0,0,1743188256568,134,0.0
1743188257,194.419,194.439,0.0,0,1743188257233,134,0.0
1743188257,194.421,194.441,0.0,0,1743188257928,134,0.0
1743188258,194.424,194.444,0.0,0,1743188258550,134,0.0
1743188258,194.418,194.439,0.0,0,1743188258898,134,0.0
1743188259,194.42,194.44,0.0,0,1743188259209,134,0.0
1743188259,194.418,194.438,0.0,0,1743188259540,134,0.0
1743188259,194.42,194.441,0.0,0,1743188259872,134,0.0
1743188260,194.418,194.438,0.0,0,1743188260529,134,0.0
1743188260,194.419,194.439,0.0,0,1743188260557,134,0.0
1743188261,194.412,194.432,0.0,0,1743188261191,134,0.0
1743188261,194.413,194.433,0.0,0,1743188261219,134,0.0
1743188261,194.414,194.434,0.0,0,1743188261522,134,0.0
1743188261,194.415,194.435,0.0,0,1743188261851,134,0.0
1743188262,194.416,194.437,0.0,0,1743188262184,134,0.0
1743188262,194.418,194.439,0.0,0,1743188262228,134,0.0
1743188262,194.42,194.441,0.0,0,1743188262509,134,0.0
1743188262,194.419,194.439,0.0,0,1743188262535,134,0.0
1743188262,194.41,194.43,0.0,0,1743188262844,134,0.0
1743188262,194.409,194.429,0.0,0,1743188262889,134,0.0
1743188263,194.41,194.43,0.0,0,1743188263171,134,0.0
1743188263,194.413,194.433,0.0,0,1743188263546,134,0.0
1743188263,194.411,194.431,0.0,0,1743188263831,134,0.0
1743188264,194.415,194.435,0.0,0,1743188264162,134,0.0
1743188264,194.414,194.434,0.0,0,1743188264204,134,0.0
1743188264,194.415,194.435,0.0,0,1743188264507,134,0.0
1743188264,194.417,194.437,0.0,0,1743188264821,134,0.0
1743188264,194.415,194.436,0.0,0,1743188264865,134,0.0
1743188265,194.417,194.437,0.0,0,1743188265151,134,0.0
1743188265,194.414,194.434,0.0,0,1743188265481,134,0.0
1743188265,194.413,194.433,0.0,0,1743188265518,134,0.0
1743188265,194.414,194.434,0.0,0,1743188265810,134,0.0
1743188266,194.416,194.436,0.0,0,1743188266474,134,0.0
1743188266,194.418,194.438,0.0,0,1743188266800,134,0.0
1743188267,194.421,194.441,0.0,0,1743188267132,134,0.0
1743188267,194.422,194.442,0.0,0,1743188267460,134,0.0
1743188267,194.425,194.445,0.0,0,1743188267796,134,0.0
1743188268,194.423,194.443,0.0,0,1743188268460,134,0.0
1743188268,194.421,194.442,0.0,0,1743188268781,134,0.0
1743188269,194.424,194.444,0.0,0,1743188269114,134,0.0
1743188269,194.438,194.458,0.0,0,1743188269442,134,0.0
1743188269,194.44,194.461,0.0,0,1743188269475,134,0.0
1743188269,194.443,194.463,0.0,0,1743188269775,134,0.0
1743188269,194.444,194.464,0.0,0,1743188269778,134,0.0
1743188270,194.444,194.465,0.0,0,1743188270760,4,0.0
1743188271,194.444,194.464,0.0,0,1743188271092,4,0.0
1743188271,194.444,194.465,0.0,0,1743188271421,4,0.0
1743188272,194.446,194.466,0.0,0,1743188272083,134,0.0
1743188272,194.443,194.463,0.0,0,1743188272411,134,0.0
1743188272,194.444,194.464,0.0,0,1743188272462,134,0.0
1743188272,194.444,194.465,0.0,0,1743188272742,4,0.0
1743188273,194.449,194.469,0.0,0,1743188273401,134,0.0
1743188274,194.445,194.465,0.0,0,1743188274395,134,0.0
1743188275,194.447,194.468,0.0,0,1743188275050,134,0.0
1743188275,194.449,194.469,0.0,0,1743188275383,134,0.0
1743188275,194.447,194.468,0.0,0,1743188275393,134,0.0
1743188276,194.449,194.469,0.0,0,1743188276371,134,0.0
1743188276,194.447,194.467,0.0,0,1743188276710,134,0.0
1743188277,194.446,194.466,0.0,0,1743188277135,134,0.0
1743188277,194.447,194.468,0.0,0,1743188277399,134,0.0
1743188277,194.446,194.466,0.0,0,1743188277402,134,0.0
1743188277,194.449,194.469,0.0,0,1743188277728,134,0.0
1743188278,194.447,194.468,0.0,0,1743188278391,134,0.0
1743188279,194.455,194.475,0.0,0,1743188279048,134,0.0
1743188279,194.454,194.474,0.0,0,1743188279072,134,0.0
1743188279,194.453,194.473,0.0,0,1743188279380,134,0.0
1743188279,194.454,194.475,0.0,0,1743188279710,134,0.0
1743188280,194.456,194.476,0.0,0,1743188280043,134,0.0
1743188280,194.456,194.478,0.0,0,1743188280369,4,0.0
1743188280,194.454,194.476,0.0,0,1743188280697,134,0.0
1743188281,194.456,194.477,0.0,0,1743188281029,134,0.0
1743188281,194.456,194.476,0.0,0,1743188281364,4,0.0
1743188281,194.454,194.475,0.0,0,1743188281402,134,0.0
1743188282,194.456,194.476,0.0,0,1743188282019,134,0.0
1743188282,194.449,194.469,0.0,0,1743188282350,134,0.0
1743188282,194.442,194.462,0.0,0,1743188282369,134,0.0
1743188282,194.443,194.463,0.0,0,1743188282690,134,0.0
1743188283,194.445,194.465,0.0,0,1743188283011,134,0.0
1743188283,194.453,194.473,0.0,0,1743188283338,134,0.0
1743188283,194.446,194.467,0.0,0,1743188283670,134,0.0
1743188284,194.448,194.468,0.0,0,1743188284000,134,0.0
1743188284,194.445,194.466,0.0,0,1743188284328,134,0.0
1743188284,194.446,194.467,0.0,0,1743188284659,134,0.0
1743188284,194.453,194.473,0.0,0,1743188284990,134,0.0
1743188285,194.455,194.476,0.0,0,1743188285320,134,0.0
1743188285,194.459,194.48,0.0,0,1743188285979,134,0.0
1743188286,194.456,194.477,0.0,0,1743188286316,134,0.0
1743188286,194.451,194.473,0.0,0,1743188286359,134,0.0
1743188286,194.453,194.474,0.0,0,1743188286639,134,0.0
1743188287,194.454,194.474,0.0,0,1743188287015,130,0.0
1743188287,194.454,194.476,0.0,0,1743188287629,4,0.0
1743188287,194.447,194.468,0.0,0,1743188287958,134,0.0
1743188288,194.446,194.468,0.0,0,1743188288289,130,0.0
1743188288,194.448,194.469,0.0,0,1743188288618,134,0.0
1743188289,194.449,194.47,0.0,0,1743188289278,134,0.0
1743188289,194.453,194.474,0.0,0,1743188289296,134,0.0
1743188289,194.453,194.475,0.0,0,1743188289605,4,0.0
1743188289,194.454,194.475,0.0,0,1743188289937,130,0.0
1743188290,194.452,194.473,0.0,0,1743188290597,134,0.0
1743188290,194.453,194.473,0.0,0,1743188290927,130,0.0
1743188291,194.452,194.473,0.0,0,1743188291260,130,0.0
1743188291,194.453,194.475,0.0,0,1743188291269,134,0.0
1743188291,194.451,194.473,0.0,0,1743188291588,134,0.0
1743188292,194.452,194.473,0.0,0,1743188292250,130,0.0
1743188292,194.449,194.469,0.0,0,1743188292578,134,0.0
1743188292,194.444,194.464,0.0,0,1743188292906,134,0.0
1743188292,194.443,194.464,0.0,0,1743188292933,130,0.0
1743188293,194.444,194.464,0.0,0,1743188293246,130,0.0
1743188293,194.442,194.463,0.0,0,1743188293897,134,0.0
1743188293,194.445,194.466,0.0,0,1743188293945,134,0.0
1743188294,194.442,194.464,0.0,0,1743188294557,134,0.0
1743188294,194.443,194.464,0.0,0,1743188294889,130,0.0
1743188295,194.444,194.465,0.0,0,1743188295221,134,0.0
1743188295,194.442,194.463,0.0,0,1743188295260,134,0.0
1743188295,194.444,194.465,0.0,0,1743188295550,134,0.0
1743188296,194.448,194.47,0.0,0,1743188296538,134,0.0
1743188296,194.448,194.469,0.0,0,1743188296571,4,0.0
1743188296,194.447,194.468,0.0,0,1743188296874,134,0.0
1743188297,194.443,194.466,0.0,0,1743188297199,134,0.0
1743188297,194.443,194.465,0.0,0,1743188297231,4,0.0
1743188297,194.444,194.466,0.0,0,1743188297533,134,0.0
1743188298,194.445,194.467,0.0,0,1743188298188,134,0.0
1743188298,194.444,194.466,0.0,0,1743188298519,134,0.0
1743188298,194.441,194.466,0.0,0,1743188298848,130,0.0
1743188299,194.446,194.468,0.0,0,1743188299179,134,0.0
1743188299,194.449,194.47,0.0,0,1743188299206,134,0.0
1743188299,194.452,194.474,0.0,0,1743188299505,134,0.0
1743188299,194.453,194.475,0.0,0,1743188299838,134,0.0
1743188299,194.452,194.474,0.0,0,1743188299860,134,0.0
1743188300,194.451,194.473,0.0,0,1743188300172,134,0.0
1743188300,194.452,194.473,0.0,0,1743188300496,130,0.0
1743188300,194.449,194.473,0.0,0,1743188300834,130,0.0
1743188301,194.457,194.478,0.0,0,1743188301158,134,0.0
1743188301,194.455,194.476,0.0,0,1743188301493,134,0.0
1743188301,194.456,194.476,0.0,0,1743188301818,130,0.0
1743188302,194.451,194.472,0.0,0,1743188302807,134,0.0
1743188303,194.453,194.474,0.0,0,1743188303138,134,0.0
1743188303,194.453,194.475,0.0,0,1743188303468,4,0.0
1743188303,194.455,194.476,0.0,0,1743188303512,134,0.0
1743188303,194.453,194.475,0.0,0,1743188303799,134,0.0
1743188304,194.452,194.475,0.0,0,1743188304127,130,0.0
1743188304,194.45,194.475,0.0,0,1743188304459,130,0.0
1743188304,194.453,194.475,0.0,0,1743188304476,130,0.0
1743188304,194.454,194.475,0.0,0,1743188304790,130,0.0
1743188306,194.456,194.476,0.0,0,1743188306108,134,0.0
1743188306,194.455,194.476,0.0,0,1743188306438,130,0.0
1743188306,194.454,194.475,0.0,0,1743188306446,134,0.0
1743188306,194.455,194.476,0.0,0,1743188306798,134,0.0
1743188307,194.454,194.475,0.0,0,1743188307097,134,0.0
1743188307,194.453,194.475,0.0,0,1743188307457,130,0.0
1743188307,194.452,194.475,0.0,0,1743188307757,130,0.0
1743188308,194.45,194.473,0.0,0,1743188308087,134,0.0
1743188309,194.452,194.473,0.0,0,1743188309082,130,0.0
1743188309,194.453,194.473,0.0,0,1743188309125,130,0.0
1743188310,194.452,194.473,0.0,0,1743188310726,130,0.0
1743188311,194.459,194.48,0.0,0,1743188311061,134,0.0
1743188311,194.462,194.482,0.0,0,1743188311389,134,0.0
1743188311,194.459,194.48,0.0,0,1743188311761,134,0.0
1743188312,194.46,194.481,0.0,0,1743188312048,134,0.0
1743188312,194.459,194.479,0.0,0,1743188312420,134,0.0
1743188312,194.459,194.48,0.0,0,1743188312709,4,0.0
1743188313,194.456,194.477,0.0,0,1743188313040,134,0.0
1743188313,194.455,194.476,0.0,0,1743188313075,134,0.0
1743188313,194.45,194.472,0.0,0,1743188313369,134,0.0
1743188313,194.446,194.468,0.0,0,1743188313698,134,0.0
1743188313,194.448,194.469,0.0,0,1743188313733,134,0.0
1743188314,194.447,194.469,0.0,0,1743188314027,130,0.0
1743188314,194.452,194.473,0.0,0,1743188314357,134,0.0
1743188314,194.454,194.474,0.0,0,1743188314397,134,0.0
1743188315,194.452,194.473,0.0,0,1743188315353,134,0.0
1743188316,194.453,194.473,0.0,0,1743188316339,130,0.0
1743188316,194.454,194.474,0.0,0,1743188316669,134,0.0
1743188316,194.453,194.473,0.0,0,1743188316997,134,0.0
1743188317,194.454,194.474,0.0,0,1743188317989,134,0.0
1743188320,194.453,194.473,0.0,0,1743188320014,134,0.0
1743188320,194.449,194.469,0.0,0,1743188320297,134,0.0
1743188320,194.452,194.472,0.0,0,1743188320626,134,0.0
1743188321,194.452,194.471,0.0,0,1743188321617,4,0.0
1743188321,194.452,194.472,0.0,0,1743188321951,4,0.0
1743188322,194.453,194.473,0.0,0,1743188322275,134,0.0
1743188322,194.45,194.472,0.0,0,1743188322609,134,0.0
1743188322,194.45,194.47,0.0,0,1743188322638,4,0.0
1743188322,194.451,194.472,0.0,0,1743188322942,134,0.0
1743188322,194.45,194.47,0.0,0,1743188322944,134,0.0
1743188323,194.451,194.472,0.0,0,1743188323268,134,0.0
1743188323,194.453,194.473,0.0,0,1743188323597,134,0.0
1743188324,194.451,194.471,0.0,0,1743188324260,134,0.0
1743188326,194.452,194.473,0.0,0,1743188326238,134,0.0
1743188326,194.457,194.478,0.0,0,1743188326568,134,0.0
1743188326,194.455,194.475,0.0,0,1743188326580,134,0.0
1743188326,194.453,194.473,0.0,0,1743188326898,134,0.0
1743188326,194.452,194.473,0.0,0,1743188326937,130,0.0
1743188327,194.453,194.472,0.0,0,1743188327227,134,0.0
1743188327,194.454,194.474,0.0,0,1743188327557,134,0.0
1743188329,194.458,194.478,0.0,0,1743188329207,134,0.0
1743188329,194.457,194.477,0.0,0,1743188329540,134,0.0
1743188329,194.455,194.475,0.0,0,1743188329868,134,0.0
1743188330,194.459,194.479,0.0,0,1743188330532,134,0.0
1743188330,194.459,194.48,0.0,0,1743188330535,4,0.0
1743188330,194.456,194.476,0.0,0,1743188330857,134,0.0
1743188330,194.456,194.477,0.0,0,1743188330886,4,0.0
1743188331,194.457,194.477,0.0,0,1743188331189,130,0.0
1743188331,194.458,194.479,0.0,0,1743188331518,134,0.0
1743188331,194.457,194.478,0.0,0,1743188331550,134,0.0
1743188331,194.455,194.476,0.0,0,1743188331847,134,0.0
1743188332,194.457,194.478,0.0,0,1743188332175,134,0.0
1743188332,194.457,194.477,0.0,0,1743188332508,4,0.0
1743188332,194.458,194.478,0.0,0,1743188332518,134,0.0
1743188332,194.457,194.477,0.0,0,1743188332837,134,0.0
1743188333,194.458,194.478,0.0,0,1743188333176,134,0.0
1743188333,194.456,194.476,0.0,0,1743188333184,134,0.0
1743188333,194.454,194.475,0.0,0,1743188333497,134,0.0
1743188333,194.456,194.476,0.0,0,1743188333523,134,0.0
1743188333,194.458,194.479,0.0,0,1743188333827,134,0.0
1743188334,194.46,194.48,0.0,0,1743188334159,134,0.0
1743188334,194.459,194.479,0.0,0,1743188334488,134,0.0
1743188334,194.46,194.48,0.0,0,1743188334497,134,0.0
1743188334,194.463,194.483,0.0,0,1743188334818,134,0.0
1743188335,194.46,194.48,0.0,0,1743188335479,134,0.0
1743188335,194.457,194.478,0.0,0,1743188335513,134,0.0
1743188335,194.459,194.479,0.0,0,1743188335807,134,0.0
1743188336,194.454,194.474,0.0,0,1743188336141,134,0.0
1743188336,194.448,194.468,0.0,0,1743188336467,134,0.0
1743188336,194.449,194.469,0.0,0,1743188336474,134,0.0
1743188336,194.446,194.466,0.0,0,1743188336798,134,0.0
1743188337,194.448,194.468,0.0,0,1743188337128,134,0.0
1743188337,194.449,194.469,0.0,0,1743188337790,134,0.0
1743188338,194.452,194.472,0.0,0,1743188338118,134,0.0
1743188338,194.451,194.471,0.0,0,1743188338815,134,0.0
1743188339,194.449,194.47,0.0,0,1743188339155,134,0.0
1743188339,194.451,194.471,0.0,0,1743188339439,134,0.0
1743188339,194.457,194.477,0.0,0,1743188339769,134,0.0
1743188340,194.458,194.478,0.0,0,1743188340100,134,0.0
1743188340,194.457,194.477,0.0,0,1743188340114,134,0.0
1743188340,194.457,194.478,0.0,0,1743188340434,4,0.0
1743188340,194.461,194.482,0.0,0,1743188340759,134,0.0
1743188340,194.46,194.48,0.0,0,1743188340781,134,0.0
1743188341,194.459,194.479,0.0,0,1743188341090,134,0.0
1743188341,194.457,194.478,0.0,0,1743188341133,134,0.0
1743188341,194.459,194.479,0.0,0,1743188341419,134,0.0
1743188341,194.459,194.478,0.0,0,1743188341747,4,0.0
1743188342,194.459,194.479,0.0,0,1743188342079,4,0.0
1743188342,194.46,194.48,0.0,0,1743188342095,134,0.0
1743188342,194.459,194.479,0.0,0,1743188342411,134,0.0
1743188342,194.465,194.484,0.0,0,1743188342738,134,0.0
1743188343,194.463,194.483,0.0,0,1743188343069,134,0.0
1743188343,194.472,194.492,0.0,0,1743188343730,134,0.0
1743188343,194.475,194.495,0.0,0,1743188343761,134,0.0
1743188344,194.472,194.493,0.0,0,1743188344068,134,0.0
1743188344,194.471,194.491,0.0,0,1743188344071,134,0.0
1743188344,194.47,194.49,0.0,0,1743188344385,134,0.0
1743188344,194.468,194.489,0.0,0,1743188344415,134,0.0
1743188344,194.465,194.486,0.0,0,1743188344724,134,0.0
1743188345,194.468,194.488,0.0,0,1743188345052,134,0.0
1743188345,194.469,194.49,0.0,0,1743188345120,134,0.0
1743188345,194.47,194.491,0.0,0,1743188345382,134,0.0
1743188345,194.469,194.49,0.0,0,1743188345707,134,0.0
1743188346,194.47,194.49,0.0,0,1743188346039,130,0.0
1743188346,194.471,194.491,0.0,0,1743188346366,134,0.0
1743188347,194.469,194.49,0.0,0,1743188347027,134,0.0
1743188347,194.47,194.49,0.0,0,1743188347358,130,0.0
1743188347,194.472,194.492,0.0,0,1743188347690,134,0.0
1743188348,194.475,194.494,0.0,0,1743188348020,134,0.0
1743188348,194.479,194.499,0.0,0,1743188348347,134,0.0
1743188348,194.477,194.497,0.0,0,1743188348357,134,0.0
1743188350,194.476,194.496,0.0,0,1743188350656,134,0.0
1743188350,194.477,194.497,0.0,0,1743188350988,134,0.0
1743188351,194.478,194.498,0.0,0,1743188351318,134,0.0
1743188351,194.48,194.5,0.0,0,1743188351648,134,0.0
1743188351,194.478,194.498,0.0,0,1743188351977,134,0.0
1743188352,194.477,194.497,0.0,0,1743188352635,134,0.0
1743188353,194.475,194.495,0.0,0,1743188353630,134,0.0
1743188353,194.481,194.501,0.0,0,1743188353958,134,0.0
1743188354,194.48,194.5,0.0,0,1743188354618,134,0.0
1743188354,194.477,194.497,0.0,0,1743188354667,134,0.0
1743188355,194.481,194.501,0.0,0,1743188355978,134,0.0
1743188356,194.478,194.498,0.0,0,1743188356925,134,0.0
1743188357,194.472,194.492,0.0,0,1743188357263,134,0.0
1743188357,194.471,194.491,0.0,0,1743188357589,134,0.0
1743188357,194.472,194.492,0.0,0,1743188357917,134,0.0
1743188359,194.472,194.493,0.0,0,1743188359259,4,0.0
1743188359,194.469,194.49,0.0,0,1743188359898,134,0.0
1743188360,194.471,194.49,0.0,0,1743188360229,130,0.0
1743188360,194.471,194.491,0.0,0,1743188360555,4,0.0
1743188361,194.466,194.486,0.0,0,1743188361879,134,0.0
1743188362,194.464,194.486,0.0,0,1743188362208,130,0.0
1743188362,194.466,194.486,0.0,0,1743188362274,130,0.0
1743188362,194.465,194.485,0.0,0,1743188362868,134,0.0
1743188363,194.462,194.483,0.0,0,1743188363199,134,0.0
1743188363,194.462,194.482,0.0,0,1743188363200,4,0.0
1743188363,194.464,194.483,0.0,0,1743188363528,134,0.0
1743188364,194.465,194.485,0.0,0,1743188364188,134,0.0
1743188364,194.462,194.482,0.0,0,1743188364519,134,0.0
1743188364,194.464,194.483,0.0,0,1743188364847,134,0.0
1743188365,194.453,194.473,0.0,0,1743188365178,134,0.0
1743188365,194.454,194.474,0.0,0,1743188365511,134,0.0
1743188366,194.458,194.478,0.0,0,1743188366170,134,0.0
1743188366,194.462,194.482,0.0,0,1743188366178,134,0.0
1743188366,194.463,194.483,0.0,0,1743188366528,134,0.0
1743188366,194.464,194.483,0.0,0,1743188366826,130,0.0
1743188367,194.463,194.483,0.0,0,1743188367160,130,0.0
1743188367,194.457,194.477,0.0,0,1743188367494,134,0.0
1743188367,194.453,194.473,0.0,0,1743188367819,134,0.0
1743188368,194.455,194.474,0.0,0,1743188368479,134,0.0
1743188368,194.459,194.479,0.0,0,1743188368805,134,0.0
1743188369,194.453,194.473,0.0,0,1743188369139,134,0.0
1743188369,194.452,194.471,0.0,0,1743188369159,134,0.0
1743188369,194.456,194.476,0.0,0,1743188369467,134,0.0
1743188369,194.459,194.479,0.0,0,1743188369797,134,0.0
1743188370,194.458,194.477,0.0,0,1743188370129,134,0.0
1743188370,194.456,194.476,0.0,0,1743188370458,134,0.0
1743188371,194.455,194.475,0.0,0,1743188371119,134,0.0
1743188371,194.456,194.476,0.0,0,1743188371448,134,0.0
1743188371,194.455,194.475,0.0,0,1743188371778,134,0.0
1743188372,194.452,194.472,0.0,0,1743188372115,134,0.0
1743188372,194.453,194.473,0.0,0,1743188372444,134,0.0
1743188372,194.455,194.475,0.0,0,1743188372769,134,0.0
1743188373,194.452,194.471,0.0,0,1743188373108,134,0.0
1743188373,194.455,194.474,0.0,0,1743188373428,134,0.0
1743188373,194.454,194.474,0.0,0,1743188373756,130,0.0
1743188374,194.448,194.468,0.0,0,1743188374087,134,0.0
1743188374,194.449,194.469,0.0,0,1743188374418,134,0.0
1743188374,194.451,194.471,0.0,0,1743188374749,134,0.0
1743188375,194.452,194.472,0.0,0,1743188375119,134,0.0
1743188375,194.449,194.469,0.0,0,1743188375409,134,0.0
1743188375,194.45,194.469,0.0,0,1743188375738,130,0.0
1743188376,194.451,194.471,0.0,0,1743188376727,134,0.0
1743188377,194.45,194.469,0.0,0,1743188377721,134,0.0
1743188378,194.451,194.471,0.0,0,1743188378378,134,0.0
1743188379,194.448,194.467,0.0,0,1743188379700,134,0.0
1743188380,194.459,194.479,0.0,0,1743188380358,134,0.0
1743188380,194.464,194.484,0.0,0,1743188380691,134,0.0
1743188381,194.46,194.479,0.0,0,1743188381019,134,0.0
1743188381,194.458,194.478,0.0,0,1743188381024,134,0.0
1743188381,194.457,194.477,0.0,0,1743188381347,134,0.0
1743188381,194.454,194.474,0.0,0,1743188381675,134,0.0
1743188381,194.456,194.475,0.0,0,1743188381682,134,0.0
1743188382,194.454,194.474,0.0,0,1743188382345,134,0.0
1743188382,194.457,194.477,0.0,0,1743188382999,134,0.0
1743188383,194.456,194.475,0.0,0,1743188383001,134,0.0
1743188383,194.457,194.477,0.0,0,1743188383327,134,0.0
1743188383,194.456,194.475,0.0,0,1743188383350,134,0.0
1743188383,194.457,194.477,0.0,0,1743188383704,134,0.0
1743188383,194.456,194.475,0.0,0,1743188383986,134,0.0
1743188384,194.454,194.474,0.0,0,1743188384320,134,0.0
1743188384,194.456,194.476,0.0,0,1743188384663,134,0.0
1743188385,194.456,194.475,0.0,0,1743188385017,4,0.0
1743188385,194.454,194.474,0.0,0,1743188385634,134,0.0
1743188385,194.458,194.478,0.0,0,1743188385968,134,0.0
1743188386,194.457,194.477,0.0,0,1743188386299,134,0.0
1743188386,194.46,194.479,0.0,0,1743188386626,134,0.0
1743188386,194.457,194.477,0.0,0,1743188386638,134,0.0
1743188387,194.456,194.476,0.0,0,1743188387290,134,0.0
1743188388,194.457,194.477,0.0,0,1743188388278,134,0.0
1743188389,194.454,194.474,0.0,0,1743188389925,134,0.0
1743188390,194.458,194.478,0.0,0,1743188390257,134,0.0
1743188390,194.454,194.474,0.0,0,1743188390588,134,0.0
1743188390,194.456,194.476,0.0,0,1743188390919,134,0.0
1743188390,194.454,194.474,0.0,0,1743188390936,134,0.0
1743188391,194.457,194.475,0.0,0,1743188391248,134,0.0
1743188391,194.454,194.472,0.0,0,1743188391579,134,0.0
1743188392,194.455,194.474,0.0,0,1743188392238,134,0.0
1743188392,194.457,194.475,0.0,0,1743188392568,134,0.0
1743188393,194.46,194.478,0.0,0,1743188393557,134,0.0
1743188393,194.459,194.477,0.0,0,1743188393885,134,0.0
1743188394,194.454,194.472,0.0,0,1743188394216,134,0.0
1743188394,194.452,194.471,0.0,0,1743188394230,134,0.0
1743188394,194.451,194.469,0.0,0,1743188394551,134,0.0
1743188394,194.452,194.471,0.0,0,1743188394874,134,0.0
1743188394,194.454,194.472,0.0,0,1743188394884,134,0.0
1743188395,194.449,194.468,0.0,0,1743188395205,134,0.0
1743188395,194.448,194.467,0.0,0,1743188395537,134,0.0
1743188395,194.437,194.455,0.0,0,1743188395543,134,0.0
1743188395,194.435,194.456,0.0,0,1743188395868,134,0.0
1743188395,194.438,194.459,0.0,0,1743188395898,134,0.0
1743188396,194.448,194.468,0.0,0,1743188396197,134,0.0
1743188396,194.449,194.469,0.0,0,1743188396202,134,0.0
1743188396,194.454,194.474,0.0,0,1743188396529,134,0.0
1743188396,194.455,194.473,0.0,0,1743188396856,134,0.0
1743188397,194.454,194.474,0.0,0,1743188397188,134,0.0
1743188397,194.444,194.464,0.0,0,1743188397514,134,0.0
1743188397,194.445,194.465,0.0,0,1743188397846,134,0.0
1743188397,194.444,194.464,0.0,0,1743188397875,134,0.0
1743188398,194.449,194.469,0.0,0,1743188398179,134,0.0
1743188398,194.452,194.472,0.0,0,1743188398247,134,0.0
1743188398,194.452,194.471,0.0,0,1743188398509,4,0.0
1743188398,194.453,194.473,0.0,0,1743188398838,134,0.0
1743188399,194.451,194.47,0.0,0,1743188399570,134,0.0
1743188399,194.449,194.469,0.0,0,1743188399826,134,0.0
1743188400,194.449,194.469,0.0,0,1743188400158,130,0.0
1743188400,194.451,194.472,0.0,0,1743188400225,134,0.0
1743188400,194.448,194.469,0.0,0,1743188400490,134,0.0
1743188401,194.452,194.475,0.0,0,1743188401147,134,0.0
1743188401,194.459,194.481,0.0,0,1743188401477,134,0.0
1743188401,194.456,194.479,0.0,0,1743188401503,134,0.0
1743188401,194.459,194.481,0.0,0,1743188401807,134,0.0
1743188402,194.46,194.483,0.0,0,1743188402137,134,0.0
1743188402,194.457,194.48,0.0,0,1743188402798,134,0.0
1743188402,194.46,194.482,0.0,0,1743188402809,134,0.0
1743188403,194.464,194.486,0.0,0,1743188403126,134,0.0
1743188403,194.465,194.488,0.0,0,1743188403788,134,0.0
1743188404,194.465,194.486,0.0,0,1743188404119,4,0.0
1743188404,194.452,194.473,0.0,0,1743188404446,134,0.0
1743188404,194.453,194.475,0.0,0,1743188404494,134,0.0
1743188405,194.455,194.476,0.0,0,1743188405437,134,0.0
1743188406,194.452,194.473,0.0,0,1743188406097,134,0.0
1743188406,194.447,194.468,0.0,0,1743188406428,134,0.0
1743188406,194.445,194.466,0.0,0,1743188406469,134,0.0
1743188406,194.451,194.472,0.0,0,1743188406758,134,0.0
1743188407,194.45,194.471,0.0,0,1743188407417,134,0.0
1743188408,194.451,194.472,0.0,0,1743188408078,134,0.0
1743188408,194.448,194.47,0.0,0,1743188408408,134,0.0
1743188408,194.45,194.471,0.0,0,1743188408735,134,0.0
1743188409,194.451,194.473,0.0,0,1743188409108,134,0.0
1743188409,194.449,194.471,0.0,0,1743188409395,134,0.0
1743188409,194.451,194.472,0.0,0,1743188409765,134,0.0
1743188410,194.456,194.478,0.0,0,1743188410056,134,0.0
1743188410,194.451,194.473,0.0,0,1743188410068,134,0.0
1743188410,194.454,194.475,0.0,0,1743188410398,134,0.0
1743188410,194.459,194.481,0.0,0,1743188410719,134,0.0
1743188411,194.464,194.485,0.0,0,1743188411049,134,0.0
1743188411,194.461,194.482,0.0,0,1743188411079,134,0.0
1743188411,194.462,194.483,0.0,0,1743188411378,134,0.0
1743188411,194.455,194.476,0.0,0,1743188411706,134,0.0
1743188411,194.453,194.474,0.0,0,1743188411736,134,0.0
1743188412,194.456,194.477,0.0,0,1743188412043,134,0.0
1743188412,194.453,194.474,0.0,0,1743188412367,134,0.0
1743188412,194.456,194.477,0.0,0,1743188412697,134,0.0
1743188413,194.455,194.476,0.0,0,1743188413028,134,0.0
1743188413,194.452,194.473,0.0,0,1743188413358,134,0.0
1743188413,194.447,194.468,0.0,0,1743188413686,134,0.0
1743188413,194.449,194.471,0.0,0,1743188413712,134,0.0
1743188414,194.448,194.47,0.0,0,1743188414018,134,0.0
1743188414,194.442,194.463,0.0,0,1743188414066,134,0.0
1743188414,194.443,194.464,0.0,0,1743188414348,134,0.0
1743188414,194.447,194.47,0.0,0,1743188414676,134,0.0
1743188415,194.45,194.472,0.0,0,1743188415006,134,0.0
1743188415,194.45,194.471,0.0,0,1743188415339,4,0.0
1743188415,194.449,194.471,0.0,0,1743188415384,130,0.0
1743188415,194.451,194.473,0.0,0,1743188415997,134,0.0
1743188416,194.451,194.472,0.0,0,1743188416328,4,0.0
1743188416,194.449,194.47,0.0,0,1743188416657,134,0.0
1743188416,194.448,194.47,0.0,0,1743188416706,130,0.0
1743188417,194.447,194.469,0.0,0,1743188417321,134,0.0
1743188417,194.437,194.458,0.0,0,1743188417645,134,0.0
1743188417,194.438,194.46,0.0,0,1743188417666,134,0.0
1743188417,194.44,194.461,0.0,0,1743188417979,134,0.0
1743188418,194.441,194.463,0.0,0,1743188418306,134,0.0
1743188418,194.444,194.465,0.0,0,1743188418637,134,0.0
1743188418,194.443,194.464,0.0,0,1743188418966,134,0.0
1743188419,194.449,194.47,0.0,0,1743188419298,134,0.0
1743188419,194.445,194.466,0.0,0,1743188419628,134,0.0
1743188419,194.447,194.468,0.0,0,1743188419955,134,0.0
1743188420,194.45,194.471,0.0,0,1743188420003,134,0.0
1743188420,194.451,194.473,0.0,0,1743188420287,134,0.0
1743188420,194.453,194.474,0.0,0,1743188420652,134,0.0
1743188420,194.45,194.472,0.0,0,1743188420948,134,0.0
1743188420,194.447,194.469,0.0,0,1743188420956,134,0.0
1743188421,194.45,194.471,0.0,0,1743188421277,134,0.0
1743188421,194.453,194.474,0.0,0,1743188421608,134,0.0
1743188421,194.451,194.472,0.0,0,1743188421944,134,0.0
1743188422,194.454,194.475,0.0,0,1743188422268,134,0.0
1743188422,194.452,194.474,0.0,0,1743188422277,134,0.0
1743188422,194.451,194.474,0.0,0,1743188422670,130,0.0
1743188422,194.455,194.478,0.0,0,1743188422926,134,0.0
1743188423,194.457,194.478,0.0,0,1743188423259,130,0.0
1743188423,194.458,194.478,0.0,0,1743188423587,130,0.0
1743188424,194.459,194.479,0.0,0,1743188424606,134,0.0
1743188426,194.463,194.483,0.0,0,1743188426557,134,0.0
1743188426,194.46,194.48,0.0,0,1743188426894,134,0.0
1743188427,194.462,194.481,0.0,0,1743188427545,134,0.0
1743188427,194.47,194.49,0.0,0,1743188427875,134,0.0
1743188427,194.471,194.49,0.0,0,1743188427893,130,0.0
1743188428,194.469,194.49,0.0,0,1743188428210,130,0.0
1743188428,194.471,194.492,0.0,0,1743188428254,134,0.0
1743188428,194.472,194.493,0.0,0,1743188428536,134,0.0
1743188429,194.474,194.496,0.0,0,1743188429195,134,0.0
1743188429,194.475,194.496,0.0,0,1743188429213,130,0.0
1743188429,194.476,194.497,0.0,0,1743188429527,134,0.0
1743188430,194.474,194.495,0.0,0,1743188430234,134,0.0
1743188430,194.476,194.497,0.0,0,1743188430520,134,0.0
1743188430,194.474,194.496,0.0,0,1743188430538,134,0.0
1743188430,194.476,194.497,0.0,0,1743188430847,134,0.0
1743188430,194.474,194.496,0.0,0,1743188430896,134,0.0
1743188431,194.474,194.495,0.0,0,1743188431174,4,0.0
1743188431,194.476,194.497,0.0,0,1743188431508,134,0.0
1743188432,194.479,194.5,0.0,0,1743188432168,134,0.0
1743188432,194.48,194.501,0.0,0,1743188432512,134,0.0
1743188432,194.485,194.506,0.0,0,1743188432827,134,0.0
1743188433,194.485,194.507,0.0,0,1743188433157,4,0.0
1743188433,194.49,194.512,0.0,0,1743188433495,134,0.0
1743188433,194.495,194.518,0.0,0,1743188433523,134,0.0
1743188434,194.494,194.516,0.0,0,1743188434808,134,0.0
1743188435,194.493,194.515,0.0,0,1743188435141,134,0.0
1743188435,194.49,194.513,0.0,0,1743188435466,134,0.0
1743188435,194.496,194.519,0.0,0,1743188435507,134,0.0
1743188435,194.49,194.512,0.0,0,1743188435796,134,0.0
1743188435,194.49,194.513,0.0,0,1743188435812,4,0.0
1743188436,194.489,194.51,0.0,0,1743188436128,134,0.0
1743188436,194.487,194.509,0.0,0,1743188436458,134,0.0
1743188436,194.482,194.503,0.0,0,1743188436474,134,0.0
1743188436,194.485,194.506,0.0,0,1743188436786,134,0.0
1743188437,194.483,194.504,0.0,0,1743188437776,134,0.0
1743188438,194.485,194.506,0.0,0,1743188438107,134,0.0
1743188438,194.486,194.507,0.0,0,1743188438437,134,0.0
1743188438,194.483,194.505,0.0,0,1743188438765,134,0.0
1743188439,194.486,194.507,0.0,0,1743188439098,134,0.0
1743188439,194.488,194.509,0.0,0,1743188439454,134,0.0
1743188439,194.483,194.504,0.0,0,1743188439759,134,0.0
1743188440,194.488,194.509,0.0,0,1743188440746,134,0.0
1743188441,194.482,194.503,0.0,0,1743188441079,134,0.0
1743188441,194.485,194.508,0.0,0,1743188441084,134,0.0
1743188441,194.491,194.513,0.0,0,1743188441407,134,0.0
1743188441,194.49,194.514,0.0,0,1743188441437,134,0.0
1743188441,194.492,194.515,0.0,0,1743188441735,134,0.0
1743188442,194.493,194.516,0.0,0,1743188442066,134,0.0
1743188442,194.493,194.515,0.0,0,1743188442100,4,0.0
1743188442,194.489,194.511,0.0,0,1743188442396,134,0.0
1743188442,194.489,194.512,0.0,0,1743188442405,4,0.0
1743188442,194.492,194.514,0.0,0,1743188442724,134,0.0
1743188443,194.488,194.51,0.0,0,1743188443056,134,0.0
1743188443,194.489,194.512,0.0,0,1743188443723,134,0.0
1743188444,194.483,194.505,0.0,0,1743188444376,134,0.0
1743188444,194.481,194.504,0.0,0,1743188444418,134,0.0
1743188444,194.483,194.505,0.0,0,1743188444706,134,0.0
1743188445,194.484,194.507,0.0,0,1743188445041,134,0.0
1743188445,194.483,194.506,0.0,0,1743188445368,134,0.0
1743188445,194.488,194.511,0.0,0,1743188445697,134,0.0
1743188446,194.488,194.51,0.0,0,1743188446025,4,0.0
1743188446,194.486,194.51,0.0,0,1743188446359,130,0.0
1743188446,194.487,194.51,0.0,0,1743188446685,130,0.0
1743188446,194.488,194.511,0.0,0,1743188446690,134,0.0
1743188447,194.486,194.508,0.0,0,1743188447024,134,0.0
1743188447,194.484,194.507,0.0,0,1743188447349,134,0.0
1743188448,194.483,194.504,0.0,0,1743188448337,134,0.0
1743188448,194.484,194.506,0.0,0,1743188448664,134,0.0
1743188449,194.485,194.507,0.0,0,1743188449325,134,0.0
1743188450,194.487,194.508,0.0,0,1743188450029,134,0.0
1743188450,194.482,194.503,0.0,0,1743188450318,134,0.0
1743188450,194.483,194.505,0.0,0,1743188450335,134,0.0
1743188450,194.485,194.506,0.0,0,1743188450648,134,0.0
1743188450,194.487,194.509,0.0,0,1743188450977,134,0.0
1743188451,194.486,194.508,0.0,0,1743188451307,134,0.0
1743188451,194.488,194.51,0.0,0,1743188451635,134,0.0
1743188451,194.494,194.515,0.0,0,1743188451965,134,0.0
1743188452,194.493,194.514,0.0,0,1743188452013,134,0.0
1743188452,194.492,194.513,0.0,0,1743188452296,134,0.0
1743188452,194.493,194.515,0.0,0,1743188452629,134,0.0
1743188453,194.483,194.505,0.0,0,1743188453285,134,0.0
1743188453,194.487,194.509,0.0,0,1743188453326,134,0.0
1743188453,194.489,194.511,0.0,0,1743188453947,134,0.0
1743188453,194.487,194.509,0.0,0,1743188453992,134,0.0
1743188454,194.489,194.51,0.0,0,1743188454275,134,0.0
1743188454,194.488,194.51,0.0,0,1743188454294,130,0.0
1743188454,194.487,194.51,0.0,0,1743188454607,130,0.0
1743188454,194.489,194.512,0.0,0,1743188454935,134,0.0
1743188454,194.486,194.508,0.0,0,1743188454947,134,0.0
1743188455,194.486,194.507,0.0,0,1743188455266,4,0.0
1743188455,194.489,194.51,0.0,0,1743188455595,134,0.0
1743188456,194.477,194.499,0.0,0,1743188456258,134,0.0
1743188456,194.471,194.493,0.0,0,1743188456587,134,0.0
1743188456,194.472,194.494,0.0,0,1743188456612,134,0.0
1743188456,194.471,194.493,0.0,0,1743188456917,134,0.0
1743188456,194.47,194.491,0.0,0,1743188456920,134,0.0
1743188457,194.469,194.49,0.0,0,1743188457249,134,0.0
1743188457,194.472,194.493,0.0,0,1743188457576,134,0.0
1743188457,194.473,194.495,0.0,0,1743188457589,134,0.0
1743188457,194.475,194.496,0.0,0,1743188457904,134,0.0
1743188458,194.476,194.497,0.0,0,1743188458237,134,0.0
1743188458,194.475,194.496,0.0,0,1743188458566,134,0.0
1743188458,194.476,194.497,0.0,0,1743188458903,134,0.0
1743188459,194.476,194.499,0.0,0,1743188459226,4,0.0
1743188459,194.469,194.492,0.0,0,1743188459253,134,0.0
1743188459,194.473,194.496,0.0,0,1743188459558,134,0.0
1743188459,194.477,194.5,0.0,0,1743188459888,134,0.0
1743188460,194.478,194.501,0.0,0,1743188460216,134,0.0
1743188460,194.479,194.502,0.0,0,1743188460547,134,0.0
1743188460,194.478,194.501,0.0,0,1743188460880,134,0.0
1743188461,194.469,194.491,0.0,0,1743188461211,134,0.0
1743188461,194.469,194.492,0.0,0,1743188461237,4,0.0
1743188461,194.47,194.493,0.0,0,1743188461540,134,0.0
1743188461,194.469,194.491,0.0,0,1743188461869,134,0.0
1743188462,194.47,194.491,0.0,0,1743188462194,130,0.0
1743188462,194.468,194.489,0.0,0,1743188462527,134,0.0
1743188462,194.466,194.487,0.0,0,1743188462541,134,0.0
1743188462,194.467,194.489,0.0,0,1743188462856,134,0.0
1743188463,194.466,194.487,0.0,0,1743188463189,134,0.0
1743188463,194.467,194.488,0.0,0,1743188463206,134,0.0
1743188463,194.465,194.487,0.0,0,1743188463518,134,0.0
1743188463,194.467,194.488,0.0,0,1743188463846,134,0.0
1743188464,194.466,194.487,0.0,0,1743188464212,134,0.0
1743188464,194.463,194.485,0.0,0,1743188464507,134,0.0
1743188464,194.459,194.48,0.0,0,1743188464837,134,0.0
1743188465,194.461,194.482,0.0,0,1743188465170,134,0.0
1743188465,194.463,194.485,0.0,0,1743188465500,134,0.0
1743188465,194.461,194.483,0.0,0,1743188465829,134,0.0
1743188466,194.461,194.481,0.0,0,1743188466157,4,0.0
1743188466,194.458,194.478,0.0,0,1743188466178,134,0.0
1743188466,194.464,194.485,0.0,0,1743188466485,134,0.0
1743188466,194.466,194.486,0.0,0,1743188466837,134,0.0
1743188467,194.463,194.483,0.0,0,1743188467147,134,0.0
1743188467,194.464,194.485,0.0,0,1743188467187,134,0.0
1743188467,194.464,194.484,0.0,0,1743188467809,4,0.0
1743188468,194.462,194.482,0.0,0,1743188468495,134,0.0
1743188469,194.459,194.479,0.0,0,1743188469459,134,0.0
1743188469,194.463,194.483,0.0,0,1743188469785,134,0.0
1743188470,194.465,194.485,0.0,0,1743188470122,134,0.0
1743188470,194.455,194.475,0.0,0,1743188470444,134,0.0
1743188470,194.456,194.476,0.0,0,1743188470777,134,0.0
1743188471,194.456,194.477,0.0,0,1743188471107,4,0.0
1743188471,194.454,194.475,0.0,0,1743188471141,134,0.0
1743188471,194.461,194.482,0.0,0,1743188471438,134,0.0
1743188471,194.466,194.489,0.0,0,1743188471451,134,0.0
1743188471,194.463,194.484,0.0,0,1743188471771,134,0.0
1743188472,194.462,194.483,0.0,0,1743188472096,134,0.0
1743188472,194.459,194.481,0.0,0,1743188472427,134,0.0
1743188473,194.458,194.479,0.0,0,1743188473088,134,0.0
1743188473,194.449,194.47,0.0,0,1743188473417,134,0.0
1743188473,194.451,194.472,0.0,0,1743188473436,134,0.0
1743188474,194.45,194.473,0.0,0,1743188474077,134,0.0
1743188474,194.452,194.474,0.0,0,1743188474407,134,0.0
1743188474,194.45,194.473,0.0,0,1743188474474,134,0.0
1743188474,194.458,194.481,0.0,0,1743188474734,134,0.0
1743188475,194.444,194.467,0.0,0,1743188475068,134,0.0
1743188475,194.447,194.469,0.0,0,1743188475110,134,0.0
1743188475,194.446,194.469,0.0,0,1743188475727,130,0.0
1743188476,194.444,194.468,0.0,0,1743188476062,134,0.0
1743188476,194.445,194.468,0.0,0,1743188476074,130,0.0
1743188476,194.449,194.472,0.0,0,1743188476385,134,0.0
1743188476,194.45,194.473,0.0,0,1743188476715,134,0.0
1743188477,194.438,194.461,0.0,0,1743188477046,134,0.0
1743188477,194.437,194.461,0.0,0,1743188477087,130,0.0
1743188477,194.44,194.463,0.0,0,1743188477375,134,0.0
1743188477,194.439,194.462,0.0,0,1743188477704,134,0.0
1743188478,194.442,194.465,0.0,0,1743188478035,134,0.0
1743188478,194.443,194.466,0.0,0,1743188478366,134,0.0
1743188478,194.443,194.467,0.0,0,1743188478410,4,0.0
1743188478,194.442,194.465,0.0,0,1743188478694,134,0.0
1743188479,194.441,194.464,0.0,0,1743188479355,134,0.0
1743188479,194.44,194.464,0.0,0,1743188479684,130,0.0
1743188480,194.441,194.465,0.0,0,1743188480018,134,0.0
1743188480,194.433,194.456,0.0,0,1743188480349,134,0.0
1743188480,194.432,194.455,0.0,0,1743188480418,134,0.0
1743188480,194.436,194.459,0.0,0,1743188480675,134,0.0
1743188481,194.434,194.457,0.0,0,1743188481007,134,0.0
1743188481,194.436,194.459,0.0,0,1743188481044,134,0.0
1743188481,194.435,194.459,0.0,0,1743188481666,130,0.0
1743188481,194.436,194.459,0.0,0,1743188481699,130,0.0
1743188482,194.433,194.454,0.0,0,1743188482327,134,0.0
1743188482,194.432,194.453,0.0,0,1743188482656,134,0.0
1743188482,194.43,194.452,0.0,0,1743188482987,134,0.0
1743188483,194.432,194.453,0.0,0,1743188483321,134,0.0
1743188483,194.446,194.468,0.0,0,1743188483981,134,0.0
1743188484,194.442,194.464,0.0,0,1743188484024,134,0.0
1743188484,194.442,194.463,0.0,0,1743188484305,4,0.0
1743188484,194.451,194.473,0.0,0,1743188484635,134,0.0
1743188484,194.447,194.469,0.0,0,1743188484969,134,0.0
1743188484,194.446,194.467,0.0,0,1743188484981,134,0.0
1743188485,194.445,194.466,0.0,0,1743188485296,134,0.0
1743188485,194.446,194.467,0.0,0,1743188485626,134,0.0
1743188485,194.446,194.468,0.0,0,1743188485957,4,0.0
1743188486,194.449,194.47,0.0,0,1743188486288,134,0.0
1743188486,194.451,194.472,0.0,0,1743188486617,134,0.0
1743188486,194.448,194.469,0.0,0,1743188486945,134,0.0
1743188486,194.449,194.471,0.0,0,1743188486955,134,0.0
1743188487,194.449,194.472,0.0,0,1743188487275,4,0.0
1743188487,194.451,194.474,0.0,0,1743188487304,134,0.0
1743188487,194.443,194.465,0.0,0,1743188487606,134,0.0
1743188487,194.444,194.467,0.0,0,1743188487934,134,0.0
1743188488,194.445,194.466,0.0,0,1743188488272,134,0.0
1743188488,194.444,194.465,0.0,0,1743188488278,134,0.0
1743188488,194.442,194.464,0.0,0,1743188488596,134,0.0
1743188488,194.442,194.463,0.0,0,1743188488618,4,0.0
1743188488,194.44,194.461,0.0,0,1743188488925,134,0.0
1743188488,194.441,194.462,0.0,0,1743188488971,134,0.0
1743188489,194.442,194.464,0.0,0,1743188489585,134,0.0
1743188489,194.444,194.465,0.0,0,1743188489918,134,0.0
1743188490,194.441,194.462,0.0,0,1743188490245,134,0.0
1743188490,194.43,194.451,0.0,0,1743188490575,134,0.0
1743188490,194.43,194.452,0.0,0,1743188490586,4,0.0
1743188490,194.432,194.453,0.0,0,1743188490905,134,0.0
1743188491,194.43,194.453,0.0,0,1743188491235,130,0.0
1743188492,194.431,194.453,0.0,0,1743188492559,130,0.0
1743188493,194.435,194.458,0.0,0,1743188493215,134,0.0
1743188493,194.429,194.451,0.0,0,1743188493547,134,0.0
1743188493,194.439,194.462,0.0,0,1743188493875,134,0.0
1743188494,194.442,194.465,0.0,0,1743188494205,134,0.0
1743188494,194.442,194.464,0.0,0,1743188494229,4,0.0
1743188494,194.44,194.463,0.0,0,1743188494538,134,0.0
1743188494,194.443,194.466,0.0,0,1743188494874,134,0.0
1743188494,194.439,194.461,0.0,0,1743188494887,134,0.0
1743188495,194.44,194.463,0.0,0,1743188495857,134,0.0
1743188496,194.44,194.461,0.0,0,1743188496186,4,0.0
1743188496,194.441,194.463,0.0,0,1743188496860,134,0.0
1743188497,194.448,194.469,0.0,0,1743188497177,134,0.0
1743188497,194.449,194.47,0.0,0,1743188497505,134,0.0
1743188497,194.448,194.469,0.0,0,1743188497835,134,0.0
1743188498,194.445,194.468,0.0,0,1743188498167,134,0.0
1743188498,194.446,194.469,0.0,0,1743188498185,134,0.0
1743188498,194.445,194.467,0.0,0,1743188498500,134,0.0
1743188498,194.447,194.47,0.0,0,1743188498823,134,0.0
1743188499,194.446,194.469,0.0,0,1743188499157,134,0.0
1743188499,194.453,194.476,0.0,0,1743188499200,134,0.0
1743188499,194.455,194.478,0.0,0,1743188499485,134,0.0
1743188499,194.456,194.479,0.0,0,1743188499814,134,0.0
1743188500,194.455,194.476,0.0,0,1743188500147,134,0.0
1743188500,194.456,194.478,0.0,0,1743188500476,134,0.0
1743188500,194.458,194.479,0.0,0,1743188500808,134,0.0
1743188501,194.447,194.468,0.0,0,1743188501137,134,0.0
1743188501,194.445,194.467,0.0,0,1743188501465,134,0.0
1743188501,194.442,194.464,0.0,0,1743188501795,134,0.0
1743188502,194.439,194.462,0.0,0,1743188502126,134,0.0
1743188502,194.439,194.461,0.0,0,1743188502174,4,0.0
1743188502,194.438,194.46,0.0,0,1743188502453,134,0.0
1743188502,194.439,194.461,0.0,0,1743188502786,134,0.0
1743188503,194.436,194.459,0.0,0,1743188503114,134,0.0
1743188503,194.438,194.46,0.0,0,1743188503486,134,0.0
1743188504,194.445,194.467,0.0,0,1743188504105,134,0.0
1743188504,194.45,194.473,0.0,0,1743188504148,134,0.0
1743188504,194.451,194.475,0.0,0,1743188504437,134,0.0
1743188504,194.451,194.474,0.0,0,1743188504446,4,0.0
1743188504,194.453,194.476,0.0,0,1743188504765,134,0.0
1743188504,194.447,194.47,0.0,0,1743188504799,134,0.0
1743188506,194.448,194.471,0.0,0,1743188506744,134,0.0
1743188507,194.453,194.476,0.0,0,1743188507075,134,0.0
1743188507,194.463,194.487,0.0,0,1743188507405,134,0.0
1743188507,194.46,194.483,0.0,0,1743188507733,134,0.0
1743188507,194.465,194.488,0.0,0,1743188507783,134,0.0
1743188508,194.466,194.489,0.0,0,1743188508066,134,0.0
1743188508,194.465,194.488,0.0,0,1743188508436,134,0.0
1743188509,194.465,194.487,0.0,0,1743188509054,4,0.0
1743188509,194.464,194.486,0.0,0,1743188509401,134,0.0
1743188510,194.468,194.491,0.0,0,1743188510704,134,0.0
1743188510,194.474,194.497,0.0,0,1743188510714,134,0.0
1743188511,194.472,194.495,0.0,0,1743188511044,134,0.0
1743188511,194.469,194.492,0.0,0,1743188511073,134,0.0
1743188511,194.471,194.494,0.0,0,1743188511372,134,0.0
1743188512,194.478,194.501,0.0,0,1743188512025,134,0.0
1743188512,194.479,194.502,0.0,0,1743188512731,134,0.0
1743188513,194.478,194.5,0.0,0,1743188513014,134,0.0
1743188513,194.475,194.498,0.0,0,1743188513033,134,0.0
1743188513,194.477,194.499,0.0,0,1743188513693,134,0.0
1743188514,194.475,194.498,0.0,0,1743188514003,134,0.0
1743188514,194.475,194.496,0.0,0,1743188514045,4,0.0
1743188514,194.477,194.498,0.0,0,1743188514666,134,0.0
1743188514,194.479,194.5,0.0,0,1743188514996,134,0.0
1743188515,194.478,194.499,0.0,0,1743188515326,134,0.0
1743188515,194.479,194.5,0.0,0,1743188515985,134,0.0
1743188516,194.479,194.501,0.0,0,1743188516013,4,0.0
1743188516,194.482,194.504,0.0,0,1743188516318,134,0.0
1743188516,194.479,194.501,0.0,0,1743188516647,134,0.0
1743188516,194.486,194.507,0.0,0,1743188516979,134,0.0
1743188517,194.498,194.519,0.0,0,1743188517309,134,0.0
1743188517,194.499,194.52,0.0,0,1743188517378,134,0.0
1743188517,194.499,194.521,0.0,0,1743188517963,4,0.0
1743188518,194.495,194.517,0.0,0,1743188518295,134,0.0
1743188518,194.494,194.517,0.0,0,1743188518626,130,0.0
1743188518,194.492,194.515,0.0,0,1743188518956,134,0.0
1743188518,194.493,194.516,0.0,0,1743188518998,134,0.0
1743188519,194.495,194.516,0.0,0,1743188519285,130,0.0
1743188519,194.493,194.514,0.0,0,1743188519621,134,0.0
1743188519,194.492,194.513,0.0,0,1743188519946,134,0.0
1743188520,194.493,194.514,0.0,0,1743188520277,134,0.0
1743188520,194.492,194.513,0.0,0,1743188520605,134,0.0
1743188521,194.491,194.513,0.0,0,1743188521265,130,0.0
1743188521,194.492,194.513,0.0,0,1743188521927,130,0.0
1743188522,194.493,194.515,0.0,0,1743188522256,134,0.0
1743188522,194.502,194.524,0.0,0,1743188522588,134,0.0
1743188522,194.507,194.528,0.0,0,1743188522915,134,0.0
1743188522,194.51,194.531,0.0,0,1743188522956,134,0.0
1743188523,194.51,194.529,0.0,0,1743188523245,4,0.0
1743188523,194.51,194.531,0.0,0,1743188523574,4,0.0
1743188524,194.513,194.532,0.0,0,1743188524236,134,0.0
1743188524,194.51,194.531,0.0,0,1743188524565,134,0.0
