time,bid,ask,last,volume,time_msc,flags,volume_real
1614291981,1.2172399999999999,1.2172399999999999,0.0,0,1614291981506,134,0.0
1614291982,1.21723,1.21723,0.0,0,1614291982014,134,0.0
1614291982,1.21721,1.21721,0.0,0,1614291982535,134,0.0
1614291983,1.21718,1.21719,0.0,0,1614291983039,134,0.0
1614291983,1.21721,1.21721,0.0,0,1614291983567,134,0.0
1614291984,1.21723,1.2172399999999999,0.0,0,1614291984144,134,0.0
1614291984,1.21728,1.21728,0.0,0,1614291984650,134,0.0
1614291985,1.2173,1.2173,0.0,0,1614291985798,134,0.0
1614291986,1.21728,1.21729,0.0,0,1614291986368,134,0.0
1614291987,1.21729,1.21729,0.0,0,1614291987185,130,0.0
1614291987,1.2173,1.2173,0.0,0,1614291987855,134,0.0
1614291991,1.2173,1.21731,0.0,0,1614291991259,4,0.0
1614291991,1.21728,1.21729,0.0,0,1614291991786,134,0.0
1614291992,1.21733,1.21733,0.0,0,1614291992301,134,0.0
1614291992,1.21732,1.21732,0.0,0,1614291992808,134,0.0
1614291993,1.21729,1.21729,0.0,0,1614291993425,134,0.0
1614291994,1.2173,1.2173,0.0,0,1614291994586,134,0.0
1614291995,1.21731,1.21732,0.0,0,1614291995090,134,0.0
1614291995,1.2173,1.2173,0.0,0,1614291995842,134,0.0
1614291996,1.21732,1.21732,0.0,0,1614291996350,134,0.0
1614291997,1.21733,1.21733,0.0,0,1614291997048,134,0.0
1614291997,1.21731,1.21732,0.0,0,1614291997551,134,0.0
1614292000,1.2173,1.21732,0.0,0,1614292000014,130,0.0
1614292001,1.21728,1.21729,0.0,0,1614292001200,134,0.0
1614292002,1.21727,1.21728,0.0,0,1614292002333,134,0.0
1614292002,1.2173,1.2173,0.0,0,1614292002836,134,0.0
1614292003,1.2173,1.21731,0.0,0,1614292003337,4,0.0
1614292003,1.21728,1.21729,0.0,0,1614292003851,134,0.0
1614292004,1.21727,1.21728,0.0,0,1614292004380,134,0.0
1614292005,1.2173,1.2173,0.0,0,1614292005029,134,0.0
1614292005,1.21728,1.21728,0.0,0,1614292005553,134,0.0
1614292006,1.21727,1.21728,0.0,0,1614292006610,130,0.0
1614292011,1.21723,1.21723,0.0,0,1614292011849,134,0.0
1614292012,1.21715,1.21715,0.0,0,1614292012546,134,0.0
1614292013,1.21713,1.21714,0.0,0,1614292013048,134,0.0
1614292015,1.21717,1.21717,0.0,0,1614292015198,134,0.0
1614292015,1.21714,1.21714,0.0,0,1614292015719,134,0.0
1614292016,1.21717,1.21717,0.0,0,1614292016229,134,0.0
1614292018,1.21716,1.21716,0.0,0,1614292018540,134,0.0
1614292019,1.21715,1.21715,0.0,0,1614292019054,134,0.0
1614292019,1.21713,1.21714,0.0,0,1614292019581,134,0.0
1614292020,1.21712,1.21714,0.0,0,1614292020237,130,0.0
1614292020,1.21709,1.21709,0.0,0,1614292020875,134,0.0
1614292021,1.21709,1.2171,0.0,0,1614292021391,4,0.0
1614292021,1.21706,1.21706,0.0,0,1614292021983,134,0.0
1614292022,1.21703,1.21704,0.0,0,1614292022993,134,0.0
1614292023,1.21707,1.21708,0.0,0,1614292023508,134,0.0
1614292024,1.21708,1.21709,0.0,0,1614292024073,134,0.0
1614292024,1.2171,1.2171,0.0,0,1614292024580,134,0.0
1614292025,1.2171,1.21711,0.0,0,1614292025093,4,0.0
1614292026,1.2171,1.2171,0.0,0,1614292026015,4,0.0
1614292026,1.2171,1.21711,0.0,0,1614292026679,4,0.0
1614292027,1.21708,1.21709,0.0,0,1614292027203,134,0.0
1614292030,1.21709,1.21709,0.0,0,1614292030924,130,0.0
1614292031,1.2171,1.2171,0.0,0,1614292031505,134,0.0
1614292034,1.21712,1.21712,0.0,0,1614292034542,134,0.0
1614292035,1.21711,1.21712,0.0,0,1614292035056,130,0.0
1614292035,1.21712,1.21713,0.0,0,1614292035610,134,0.0
1614292036,1.21713,1.21713,0.0,0,1614292036210,130,0.0
1614292042,1.21712,1.21712,0.0,0,1614292042086,134,0.0
1614292042,1.21713,1.21713,0.0,0,1614292042609,134,0.0
1614292043,1.21712,1.21712,0.0,0,1614292043858,134,0.0
1614292044,1.21713,1.21713,0.0,0,1614292044375,134,0.0
1614292045,1.21713,1.21714,0.0,0,1614292045535,4,0.0
1614292046,1.21711,1.21711,0.0,0,1614292046131,134,0.0
1614292046,1.21708,1.21708,0.0,0,1614292046645,134,0.0
1614292047,1.21708,1.21709,0.0,0,1614292047649,4,0.0
1614292048,1.21703,1.21704,0.0,0,1614292048240,134,0.0
1614292049,1.21703,1.21703,0.0,0,1614292049302,4,0.0
1614292049,1.21704,1.21704,0.0,0,1614292049833,134,0.0
1614292050,1.21707,1.21707,0.0,0,1614292050340,134,0.0
1614292050,1.21707,1.21708,0.0,0,1614292050852,4,0.0
1614292051,1.21703,1.21703,0.0,0,1614292051508,134,0.0
1614292053,1.21704,1.21705,0.0,0,1614292053835,134,0.0
1614292055,1.21705,1.21705,0.0,0,1614292055805,130,0.0
1614292056,1.21706,1.21706,0.0,0,1614292056358,134,0.0
1614292057,1.2171,1.2171,0.0,0,1614292057381,134,0.0
1614292058,1.21709,1.2171,0.0,0,1614292058082,130,0.0
1614292058,1.21708,1.21709,0.0,0,1614292058951,134,0.0
1614292061,1.21709,1.2171,0.0,0,1614292061017,134,0.0
1614292061,1.21708,1.21709,0.0,0,1614292061521,134,0.0
1614292068,1.21709,1.2171,0.0,0,1614292068725,134,0.0
1614292069,1.21708,1.2171,0.0,0,1614292069246,130,0.0
1614292071,1.21708,1.21709,0.0,0,1614292071247,4,0.0
1614292073,1.21708,1.21708,0.0,0,1614292073100,4,0.0
1614292076,1.21708,1.21709,0.0,0,1614292076637,4,0.0
1614292078,1.21708,1.21708,0.0,0,1614292078646,4,0.0
1614292079,1.21708,1.21709,0.0,0,1614292079842,4,0.0
1614292080,1.21712,1.21714,0.0,0,1614292080619,134,0.0
1614292081,1.21713,1.21713,0.0,0,1614292081317,134,0.0
1614292083,1.21712,1.21713,0.0,0,1614292083292,130,0.0
1614292083,1.21713,1.21713,0.0,0,1614292083826,130,0.0
1614292085,1.21715,1.21715,0.0,0,1614292085079,134,0.0
1614292086,1.21714,1.21714,0.0,0,1614292086444,134,0.0
1614292086,1.21715,1.21715,0.0,0,1614292086945,134,0.0
1614292088,1.21714,1.21714,0.0,0,1614292088066,134,0.0
1614292089,1.21713,1.21714,0.0,0,1614292089192,130,0.0
1614292090,1.21712,1.21714,0.0,0,1614292090336,130,0.0
1614292094,1.21713,1.21714,0.0,0,1614292094658,130,0.0
1614292095,1.21713,1.21713,0.0,0,1614292095817,4,0.0
1614292096,1.21712,1.21713,0.0,0,1614292096891,130,0.0
1614292098,1.21712,1.21712,0.0,0,1614292098541,4,0.0
1614292099,1.21711,1.21711,0.0,0,1614292099069,134,0.0
1614292100,1.2171,1.2171,0.0,0,1614292100526,134,0.0
1614292101,1.21711,1.21712,0.0,0,1614292101081,134,0.0
1614292101,1.21713,1.21713,0.0,0,1614292101607,134,0.0
1614292102,1.21711,1.21712,0.0,0,1614292102149,134,0.0
1614292102,1.21713,1.21713,0.0,0,1614292102676,134,0.0
1614292103,1.21712,1.21713,0.0,0,1614292103205,130,0.0
1614292103,1.21712,1.21712,0.0,0,1614292103766,4,0.0
1614292104,1.21711,1.21712,0.0,0,1614292104282,130,0.0
1614292105,1.2171,1.21711,0.0,0,1614292105181,134,0.0
1614292105,1.21707,1.21708,0.0,0,1614292105695,134,0.0
1614292106,1.21708,1.21708,0.0,0,1614292106806,130,0.0
1614292107,1.21709,1.2171,0.0,0,1614292107316,134,0.0
1614292107,1.21708,1.21709,0.0,0,1614292107872,134,0.0
1614292109,1.21707,1.21709,0.0,0,1614292109701,130,0.0
1614292110,1.21708,1.21709,0.0,0,1614292110255,130,0.0
1614292113,1.21707,1.21708,0.0,0,1614292113215,134,0.0
1614292115,1.21707,1.21707,0.0,0,1614292115287,4,0.0
1614292115,1.21704,1.21704,0.0,0,1614292115804,134,0.0
1614292116,1.21702,1.21704,0.0,0,1614292116331,130,0.0
1614292118,1.21702,1.21703,0.0,0,1614292118336,4,0.0
1614292120,1.21703,1.21704,0.0,0,1614292120720,134,0.0
1614292122,1.21702,1.21702,0.0,0,1614292122205,134,0.0
1614292124,1.2169699999999999,1.21698,0.0,0,1614292124995,134,0.0
1614292125,1.21698,1.21698,0.0,0,1614292125522,130,0.0
1614292126,1.21696,1.2169699999999999,0.0,0,1614292126175,134,0.0
1614292127,1.21693,1.21694,0.0,0,1614292127360,134,0.0
1614292129,1.21692,1.21693,0.0,0,1614292129103,134,0.0
1614292129,1.21694,1.21694,0.0,0,1614292129638,134,0.0
1614292130,1.21693,1.21694,0.0,0,1614292130143,130,0.0
1614292130,1.21694,1.21694,0.0,0,1614292130704,130,0.0
1614292131,1.21693,1.21693,0.0,0,1614292131815,134,0.0
1614292132,1.21692,1.21693,0.0,0,1614292132364,130,0.0
1614292134,1.21692,1.21694,0.0,0,1614292134200,4,0.0
1614292135,1.21693,1.21694,0.0,0,1614292135126,130,0.0
1614292136,1.21692,1.21693,0.0,0,1614292136484,134,0.0
1614292137,1.21692,1.21694,0.0,0,1614292137529,4,0.0
1614292138,1.21693,1.21695,0.0,0,1614292138038,134,0.0
1614292139,1.21693,1.21693,0.0,0,1614292139627,4,0.0
1614292140,1.21693,1.21693,0.0,0,1614292140136,130,0.0
1614292140,1.21693,1.21694,0.0,0,1614292140688,4,0.0
1614292141,1.2169699999999999,1.2169699999999999,0.0,0,1614292141390,134,0.0
1614292141,1.21694,1.21695,0.0,0,1614292141888,134,0.0
1614292142,1.21693,1.21695,0.0,0,1614292142391,130,0.0
1614292143,1.21692,1.21693,0.0,0,1614292143736,134,0.0
1614292144,1.21693,1.21693,0.0,0,1614292144239,130,0.0
1614292144,1.21693,1.21694,0.0,0,1614292144825,4,0.0
1614292146,1.21691,1.21691,0.0,0,1614292146549,134,0.0
1614292147,1.2169,1.2169,0.0,0,1614292147050,134,0.0
1614292147,1.21692,1.21692,0.0,0,1614292147592,134,0.0
1614292148,1.2169,1.21691,0.0,0,1614292148109,134,0.0
1614292148,1.21692,1.21692,0.0,0,1614292148634,134,0.0
1614292149,1.21695,1.21695,0.0,0,1614292149288,134,0.0
1614292149,1.21693,1.21694,0.0,0,1614292149822,134,0.0
1614292150,1.21694,1.21695,0.0,0,1614292150916,134,0.0
1614292151,1.21694,1.21694,0.0,0,1614292151503,4,0.0
1614292152,1.21698,1.21698,0.0,0,1614292152864,134,0.0
1614292153,1.21693,1.21694,0.0,0,1614292153373,134,0.0
1614292154,1.2169699999999999,1.2169699999999999,0.0,0,1614292154317,134,0.0
1614292154,1.2169699999999999,1.21698,0.0,0,1614292154854,4,0.0
1614292155,1.21698,1.21698,0.0,0,1614292155397,130,0.0
1614292158,1.21693,1.21694,0.0,0,1614292158676,134,0.0
1614292161,1.2169699999999999,1.2169699999999999,0.0,0,1614292161047,134,0.0
1614292163,1.21698,1.21698,0.0,0,1614292163545,134,0.0
1614292169,1.21699,1.217,0.0,0,1614292169021,134,0.0
1614292169,1.21698,1.21699,0.0,0,1614292169541,134,0.0
1614292170,1.21699,1.217,0.0,0,1614292170281,134,0.0
1614292170,1.21698,1.21699,0.0,0,1614292170812,134,0.0
1614292171,1.21698,1.21698,0.0,0,1614292171599,4,0.0
1614292172,1.21695,1.21696,0.0,0,1614292172167,134,0.0
1614292172,1.2169699999999999,1.21698,0.0,0,1614292172881,134,0.0
1614292174,1.21693,1.21694,0.0,0,1614292174285,134,0.0
1614292182,1.21693,1.21693,0.0,0,1614292182274,4,0.0
1614292183,1.2169,1.2169,0.0,0,1614292183398,134,0.0
1614292185,1.21691,1.21692,0.0,0,1614292185113,134,0.0
1614292188,1.2169,1.2169,0.0,0,1614292188409,134,0.0
1614292189,1.21693,1.21693,0.0,0,1614292189060,134,0.0
1614292190,1.21694,1.21694,0.0,0,1614292190680,134,0.0
1614292191,1.21693,1.21693,0.0,0,1614292191191,134,0.0
1614292192,1.2169,1.2169,0.0,0,1614292192397,134,0.0
1614292197,1.21692,1.21693,0.0,0,1614292197653,134,0.0
1614292199,1.21693,1.21693,0.0,0,1614292199448,130,0.0
1614292200,1.2169,1.2169,0.0,0,1614292200075,134,0.0
1614292201,1.21686,1.21686,0.0,0,1614292201864,134,0.0
1614292202,1.21685,1.21685,0.0,0,1614292202507,134,0.0
1614292203,1.21672,1.21673,0.0,0,1614292203564,134,0.0
1614292204,1.21677,1.21677,0.0,0,1614292204081,134,0.0
1614292205,1.2168700000000001,1.2168700000000001,0.0,0,1614292205101,134,0.0
1614292206,1.21688,1.21689,0.0,0,1614292206117,134,0.0
1614292208,1.2168700000000001,1.21688,0.0,0,1614292208541,134,0.0
1614292209,1.21684,1.21685,0.0,0,1614292209081,134,0.0
1614292211,1.21682,1.21684,0.0,0,1614292211444,134,0.0
1614292211,1.21683,1.21683,0.0,0,1614292211947,134,0.0
1614292212,1.21683,1.21684,0.0,0,1614292212500,4,0.0
1614292213,1.21668,1.21668,0.0,0,1614292213606,134,0.0
1614292214,1.21671,1.21671,0.0,0,1614292214107,134,0.0
1614292214,1.21673,1.21674,0.0,0,1614292214788,134,0.0
1614292215,1.21677,1.21677,0.0,0,1614292215310,134,0.0
1614292215,1.21678,1.21678,0.0,0,1614292215896,134,0.0
1614292216,1.21679,1.2168,0.0,0,1614292216438,134,0.0
1614292216,1.21678,1.2168,0.0,0,1614292216947,130,0.0
1614292217,1.21679,1.2168,0.0,0,1614292217639,130,0.0
1614292218,1.21682,1.21682,0.0,0,1614292218150,134,0.0
1614292219,1.2167,1.2167,0.0,0,1614292219220,134,0.0
1614292219,1.21665,1.21665,0.0,0,1614292219721,134,0.0
1614292220,1.21664,1.21664,0.0,0,1614292220234,134,0.0
1614292220,1.2166299999999999,1.21664,0.0,0,1614292220841,130,0.0
1614292221,1.21666,1.21667,0.0,0,1614292221433,134,0.0
1614292221,1.2166299999999999,1.21664,0.0,0,1614292221935,134,0.0
1614292223,1.21662,1.2166299999999999,0.0,0,1614292223030,134,0.0
1614292223,1.21661,1.21662,0.0,0,1614292223547,134,0.0
1614292224,1.21662,1.21662,0.0,0,1614292224833,130,0.0
1614292226,1.21662,1.21664,0.0,0,1614292226406,4,0.0
1614292227,1.2166299999999999,1.21664,0.0,0,1614292227480,130,0.0
1614292227,1.2166,1.21661,0.0,0,1614292227990,134,0.0
1614292229,1.21656,1.21656,0.0,0,1614292229508,134,0.0
1614292230,1.21658,1.21659,0.0,0,1614292230536,134,0.0
1614292231,1.21659,1.2166,0.0,0,1614292231039,134,0.0
1614292233,1.2166,1.21661,0.0,0,1614292233499,134,0.0
1614292234,1.2166,1.2166,0.0,0,1614292234596,4,0.0
1614292235,1.21658,1.2166,0.0,0,1614292235159,130,0.0
1614292237,1.21662,1.2166299999999999,0.0,0,1614292237182,134,0.0
1614292237,1.2166299999999999,1.2166299999999999,0.0,0,1614292237701,130,0.0
1614292238,1.2166299999999999,1.21664,0.0,0,1614292238537,4,0.0
1614292239,1.2166299999999999,1.2166299999999999,0.0,0,1614292239805,4,0.0
1614292240,1.2166,1.21661,0.0,0,1614292240310,134,0.0
1614292241,1.21662,1.21664,0.0,0,1614292241926,134,0.0
1614292242,1.21662,1.21662,0.0,0,1614292242783,4,0.0
1614292244,1.2166299999999999,1.21664,0.0,0,1614292244295,134,0.0
1614292244,1.2166299999999999,1.2166299999999999,0.0,0,1614292244797,4,0.0
1614292245,1.21662,1.21662,0.0,0,1614292245299,134,0.0
1614292245,1.2166299999999999,1.21665,0.0,0,1614292245802,134,0.0
1614292246,1.2166299999999999,1.2166299999999999,0.0,0,1614292246889,4,0.0
1614292247,1.2166299999999999,1.21664,0.0,0,1614292247397,4,0.0
1614292248,1.21661,1.21661,0.0,0,1614292248430,134,0.0
1614292248,1.21662,1.21662,0.0,0,1614292248932,134,0.0
1614292250,1.21662,1.2166299999999999,0.0,0,1614292250651,4,0.0
1614292252,1.21661,1.2166299999999999,0.0,0,1614292252059,130,0.0
1614292252,1.2166299999999999,1.21664,0.0,0,1614292252896,134,0.0
1614292255,1.21664,1.21664,0.0,0,1614292255724,130,0.0
1614292256,1.2166299999999999,1.21664,0.0,0,1614292256265,130,0.0
1614292256,1.21661,1.21661,0.0,0,1614292256810,134,0.0
1614292257,1.2166,1.21661,0.0,0,1614292257317,130,0.0
1614292258,1.21664,1.21664,0.0,0,1614292258267,134,0.0
1614292258,1.2165300000000001,1.21655,0.0,0,1614292258791,134,0.0
1614292259,1.2165300000000001,1.21654,0.0,0,1614292259384,4,0.0
1614292260,1.2165,1.21651,0.0,0,1614292260520,134,0.0
1614292261,1.2165300000000001,1.2165300000000001,0.0,0,1614292261026,134,0.0
1614292261,1.2165300000000001,1.21654,0.0,0,1614292261539,4,0.0
1614292262,1.21655,1.21655,0.0,0,1614292262782,134,0.0
1614292263,1.2165300000000001,1.21654,0.0,0,1614292263409,134,0.0
1614292266,1.21654,1.21654,0.0,0,1614292266828,130,0.0
1614292267,1.21658,1.21658,0.0,0,1614292267341,134,0.0
1614292267,1.21659,1.21661,0.0,0,1614292267857,134,0.0
1614292268,1.21658,1.21659,0.0,0,1614292268377,134,0.0
1614292269,1.21658,1.2166,0.0,0,1614292269011,4,0.0
1614292271,1.21661,1.21661,0.0,0,1614292271446,134,0.0
1614292271,1.2166299999999999,1.2166299999999999,0.0,0,1614292271947,134,0.0
1614292273,1.2166299999999999,1.21664,0.0,0,1614292273679,4,0.0
1614292274,1.21662,1.21662,0.0,0,1614292274335,134,0.0
1614292280,1.21661,1.21661,0.0,0,1614292280215,134,0.0
1614292281,1.21659,1.21661,0.0,0,1614292281977,130,0.0
1614292283,1.21659,1.21659,0.0,0,1614292283388,4,0.0
1614292286,1.21662,1.21662,0.0,0,1614292286611,134,0.0
1614292287,1.21662,1.2166299999999999,0.0,0,1614292287113,4,0.0
1614292288,1.21659,1.2166,0.0,0,1614292288298,134,0.0
1614292291,1.2166,1.2166,0.0,0,1614292291046,130,0.0
1614292293,1.21659,1.2166,0.0,0,1614292293809,130,0.0
1614292298,1.21658,1.2166,0.0,0,1614292298016,130,0.0
1614292299,1.21659,1.2166,0.0,0,1614292299194,130,0.0
1614292304,1.21656,1.21656,0.0,0,1614292304358,134,0.0
1614292306,1.21659,1.2166,0.0,0,1614292306722,134,0.0
1614292308,1.2166,1.2166,0.0,0,1614292308213,130,0.0
1614292308,1.21661,1.21662,0.0,0,1614292308742,134,0.0
1614292309,1.2166,1.21661,0.0,0,1614292309451,134,0.0
1614292310,1.21659,1.21661,0.0,0,1614292310568,130,0.0
1614292311,1.21659,1.2166,0.0,0,1614292311740,4,0.0
1614292315,1.2166,1.21662,0.0,0,1614292315759,134,0.0
1614292316,1.21661,1.21662,0.0,0,1614292316290,130,0.0
1614292317,1.2166,1.2166,0.0,0,1614292317108,134,0.0
1614292319,1.21659,1.21659,0.0,0,1614292319903,134,0.0
1614292320,1.21659,1.2166,0.0,0,1614292320556,134,0.0
1614292322,1.21659,1.21661,0.0,0,1614292322138,4,0.0
1614292323,1.21659,1.2166,0.0,0,1614292323123,4,0.0
1614292323,1.21659,1.21661,0.0,0,1614292323654,4,0.0
1614292324,1.21659,1.2166,0.0,0,1614292324662,4,0.0
1614292331,1.2166,1.21661,0.0,0,1614292331301,134,0.0
1614292333,1.21659,1.2166,0.0,0,1614292333600,134,0.0
1614292335,1.21659,1.21659,0.0,0,1614292335393,4,0.0
1614292336,1.21659,1.2166,0.0,0,1614292336639,4,0.0
1614292337,1.2166,1.21662,0.0,0,1614292337473,134,0.0
1614292337,1.21662,1.21664,0.0,0,1614292337977,134,0.0
1614292340,1.2166299999999999,1.21664,0.0,0,1614292340034,130,0.0
1614292342,1.21664,1.21664,0.0,0,1614292342597,130,0.0
1614292344,1.2166299999999999,1.2166299999999999,0.0,0,1614292344254,134,0.0
1614292344,1.2166299999999999,1.21664,0.0,0,1614292344765,4,0.0
1614292347,1.2166,1.21661,0.0,0,1614292347387,134,0.0
1614292347,1.2166,1.2166,0.0,0,1614292347882,4,0.0
1614292353,1.2166,1.21661,0.0,0,1614292353369,4,0.0
1614292355,1.2166,1.2166,0.0,0,1614292355414,4,0.0
1614292356,1.21658,1.2166,0.0,0,1614292356579,130,0.0
1614292358,1.2166,1.2166,0.0,0,1614292358169,130,0.0
1614292359,1.21659,1.2166,0.0,0,1614292359597,130,0.0
1614292360,1.21659,1.21661,0.0,0,1614292360853,4,0.0
1614292362,1.2166,1.21661,0.0,0,1614292362325,130,0.0
1614292364,1.21658,1.21658,0.0,0,1614292364917,134,0.0
1614292365,1.21656,1.21656,0.0,0,1614292365419,134,0.0
1614292366,1.2165300000000001,1.21654,0.0,0,1614292366639,134,0.0
1614292367,1.21651,1.21651,0.0,0,1614292367846,134,0.0
1614292368,1.21654,1.21655,0.0,0,1614292368865,134,0.0
1614292369,1.21655,1.21655,0.0,0,1614292369409,130,0.0
1614292370,1.21651,1.21652,0.0,0,1614292370008,134,0.0
1614292370,1.21651,1.21651,0.0,0,1614292370547,4,0.0
1614292373,1.21644,1.21645,0.0,0,1614292373895,134,0.0
1614292374,1.21644,1.21644,0.0,0,1614292374420,4,0.0
1614292374,1.21644,1.21645,0.0,0,1614292374922,4,0.0
1614292375,1.21644,1.21644,0.0,0,1614292375473,4,0.0
1614292376,1.21646,1.21647,0.0,0,1614292376055,134,0.0
1614292376,1.21647,1.21648,0.0,0,1614292376579,134,0.0
1614292377,1.2165,1.2165,0.0,0,1614292377176,134,0.0
1614292377,1.21649,1.2165,0.0,0,1614292377679,130,0.0
1614292380,1.21649,1.2165,0.0,0,1614292380511,130,0.0
1614292382,1.21649,1.21649,0.0,0,1614292382208,4,0.0
1614292382,1.21649,1.2165,0.0,0,1614292382741,4,0.0
1614292384,1.21639,1.2164,0.0,0,1614292384551,134,0.0
1614292385,1.21641,1.21642,0.0,0,1614292385128,134,0.0
1614292385,1.21639,1.2164,0.0,0,1614292385630,134,0.0
1614292386,1.2164,1.21641,0.0,0,1614292386681,134,0.0
1614292387,1.21641,1.21641,0.0,0,1614292387187,130,0.0
1614292387,1.21641,1.21642,0.0,0,1614292387688,4,0.0
1614292388,1.21642,1.21643,0.0,0,1614292388420,134,0.0
1614292391,1.21647,1.21647,0.0,0,1614292391920,134,0.0
1614292392,1.21648,1.21649,0.0,0,1614292392475,134,0.0
1614292393,1.21649,1.2165,0.0,0,1614292393003,134,0.0
1614292393,1.21652,1.21652,0.0,0,1614292393572,134,0.0
1614292394,1.21655,1.21655,0.0,0,1614292394077,134,0.0
1614292394,1.21657,1.21659,0.0,0,1614292394614,134,0.0
1614292395,1.21658,1.21659,0.0,0,1614292395141,130,0.0
1614292397,1.21658,1.2166,0.0,0,1614292397299,4,0.0
1614292398,1.21659,1.2166,0.0,0,1614292398489,130,0.0
1614292401,1.21659,1.21659,0.0,0,1614292401776,4,0.0
1614292402,1.21656,1.21656,0.0,0,1614292402305,134,0.0
1614292414,1.21659,1.2166,0.0,0,1614292414902,134,0.0
1614292415,1.2166,1.2166,0.0,0,1614292415962,130,0.0
1614292416,1.2166,1.21661,0.0,0,1614292416537,4,0.0
1614292421,1.21659,1.2166,0.0,0,1614292421438,134,0.0
1614292422,1.21662,1.2166299999999999,0.0,0,1614292422083,134,0.0
1614292422,1.21662,1.21664,0.0,0,1614292422584,4,0.0
1614292423,1.21664,1.21665,0.0,0,1614292423510,134,0.0
1614292425,1.21659,1.2166,0.0,0,1614292425624,134,0.0
1614292426,1.21659,1.21659,0.0,0,1614292426633,4,0.0
1614292428,1.21657,1.21657,0.0,0,1614292428373,134,0.0
1614292430,1.21656,1.21656,0.0,0,1614292430249,134,0.0
1614292430,1.21657,1.21657,0.0,0,1614292430770,134,0.0
1614292434,1.21658,1.21659,0.0,0,1614292434434,134,0.0
1614292435,1.21656,1.21657,0.0,0,1614292435547,134,0.0
1614292436,1.21656,1.21656,0.0,0,1614292436219,4,0.0
1614292440,1.21656,1.21656,0.0,0,1614292440206,130,0.0
1614292442,1.21655,1.21655,0.0,0,1614292442415,134,0.0
1614292442,1.21659,1.2166,0.0,0,1614292442923,134,0.0
1614292444,1.21657,1.21657,0.0,0,1614292444066,134,0.0
1614292444,1.21654,1.21656,0.0,0,1614292444569,134,0.0
1614292445,1.21659,1.2166,0.0,0,1614292445266,134,0.0
1614292446,1.21659,1.21661,0.0,0,1614292446404,4,0.0
1614292446,1.21659,1.2166,0.0,0,1614292446987,4,0.0
1614292447,1.2166299999999999,1.21664,0.0,0,1614292447690,134,0.0
1614292449,1.2166299999999999,1.2166299999999999,0.0,0,1614292449159,4,0.0
1614292449,1.21662,1.21664,0.0,0,1614292449678,134,0.0
1614292451,1.2166,1.2166,0.0,0,1614292451904,134,0.0
1614292453,1.21659,1.2166,0.0,0,1614292453483,130,0.0
1614292458,1.2166,1.2166,0.0,0,1614292458942,130,0.0
1614292459,1.21659,1.2166,0.0,0,1614292459446,130,0.0
1614292462,1.2166,1.21661,0.0,0,1614292462938,134,0.0
1614292463,1.21659,1.21661,0.0,0,1614292463559,130,0.0
1614292464,1.21659,1.2166,0.0,0,1614292464981,4,0.0
1614292465,1.21655,1.21656,0.0,0,1614292465999,134,0.0
1614292466,1.21654,1.21656,0.0,0,1614292466501,130,0.0
1614292467,1.21654,1.21654,0.0,0,1614292467001,4,0.0
1614292468,1.21658,1.21658,0.0,0,1614292468079,134,0.0
1614292468,1.21658,1.21659,0.0,0,1614292468630,4,0.0
1614292469,1.21658,1.21658,0.0,0,1614292469186,4,0.0
1614292469,1.21658,1.21659,0.0,0,1614292469880,4,0.0
1614292470,1.21658,1.21658,0.0,0,1614292470398,4,0.0
1614292470,1.21657,1.21658,0.0,0,1614292470905,130,0.0
1614292471,1.21658,1.21658,0.0,0,1614292471624,130,0.0
1614292472,1.21656,1.21656,0.0,0,1614292472636,134,0.0
1614292474,1.21658,1.21658,0.0,0,1614292474370,134,0.0
1614292474,1.21658,1.21659,0.0,0,1614292474874,4,0.0
1614292475,1.21657,1.21658,0.0,0,1614292475620,134,0.0
1614292477,1.21659,1.21659,0.0,0,1614292477064,134,0.0
1614292477,1.21658,1.21659,0.0,0,1614292477607,130,0.0
1614292478,1.21657,1.21658,0.0,0,1614292478637,134,0.0
1614292480,1.21659,1.21659,0.0,0,1614292480868,134,0.0
1614292481,1.21657,1.21658,0.0,0,1614292481512,134,0.0
1614292482,1.21658,1.21658,0.0,0,1614292482083,130,0.0
1614292483,1.21657,1.21658,0.0,0,1614292483758,130,0.0
1614292484,1.21656,1.21656,0.0,0,1614292484994,134,0.0
1614292485,1.21649,1.2165,0.0,0,1614292485497,134,0.0
1614292486,1.21649,1.21649,0.0,0,1614292486023,4,0.0
1614292487,1.2165,1.2165,0.0,0,1614292487638,134,0.0
1614292488,1.21652,1.21652,0.0,0,1614292488142,134,0.0
1614292488,1.2165,1.2165,0.0,0,1614292488649,134,0.0
1614292489,1.21648,1.21648,0.0,0,1614292489153,134,0.0
1614292489,1.21645,1.21645,0.0,0,1614292489664,134,0.0
1614292490,1.21649,1.2165,0.0,0,1614292490469,134,0.0
1614292491,1.21652,1.21652,0.0,0,1614292491060,134,0.0
1614292491,1.21651,1.21651,0.0,0,1614292491565,134,0.0
1614292492,1.21652,1.2165300000000001,0.0,0,1614292492797,134,0.0
1614292496,1.2165300000000001,1.21654,0.0,0,1614292496078,134,0.0
1614292496,1.21652,1.21652,0.0,0,1614292496582,134,0.0
1614292497,1.2165,1.2165,0.0,0,1614292497899,134,0.0
1614292498,1.21649,1.2165,0.0,0,1614292498452,130,0.0
1614292499,1.2164,1.2164,0.0,0,1614292499046,134,0.0
1614292499,1.21639,1.2164,0.0,0,1614292499557,130,0.0
1614292500,1.2164,1.2164,0.0,0,1614292500420,130,0.0
1614292500,1.21641,1.21643,0.0,0,1614292500928,134,0.0
1614292501,1.21642,1.21643,0.0,0,1614292501906,130,0.0
1614292502,1.21642,1.21642,0.0,0,1614292502935,4,0.0
1614292503,1.21642,1.21643,0.0,0,1614292503461,4,0.0
1614292503,1.21643,1.21644,0.0,0,1614292503975,134,0.0
1614292505,1.21644,1.21645,0.0,0,1614292505872,134,0.0
1614292506,1.21648,1.21649,0.0,0,1614292506418,134,0.0
1614292507,1.21648,1.2165,0.0,0,1614292507971,4,0.0
1614292509,1.21649,1.2165,0.0,0,1614292509330,130,0.0
1614292511,1.2165,1.21651,0.0,0,1614292511057,134,0.0
1614292512,1.21652,1.21654,0.0,0,1614292512578,134,0.0
1614292513,1.2165300000000001,1.21654,0.0,0,1614292513309,130,0.0
1614292514,1.2165300000000001,1.21655,0.0,0,1614292514022,4,0.0
1614292515,1.2165,1.21651,0.0,0,1614292515230,134,0.0
1614292515,1.21651,1.21652,0.0,0,1614292515737,134,0.0
1614292516,1.21652,1.2165300000000001,0.0,0,1614292516310,134,0.0
1614292516,1.2165300000000001,1.2165300000000001,0.0,0,1614292516818,130,0.0
1614292517,1.21652,1.2165300000000001,0.0,0,1614292517388,130,0.0
1614292519,1.21654,1.21655,0.0,0,1614292519153,134,0.0
1614292519,1.21652,1.2165300000000001,0.0,0,1614292519715,134,0.0
1614292520,1.21654,1.21655,0.0,0,1614292520216,134,0.0
1614292521,1.21651,1.21651,0.0,0,1614292521436,134,0.0
1614292522,1.21644,1.21645,0.0,0,1614292522944,134,0.0
1614292525,1.21648,1.2165,0.0,0,1614292525114,134,0.0
1614292525,1.2165,1.21651,0.0,0,1614292525685,134,0.0
1614292526,1.21651,1.2165300000000001,0.0,0,1614292526715,134,0.0
1614292527,1.2165,1.2165,0.0,0,1614292527896,134,0.0
1614292529,1.21648,1.21649,0.0,0,1614292529037,134,0.0
1614292530,1.21647,1.21647,0.0,0,1614292530265,134,0.0
1614292533,1.21646,1.21646,0.0,0,1614292533612,134,0.0
1614292534,1.21648,1.21648,0.0,0,1614292534201,134,0.0
1614292534,1.21648,1.21649,0.0,0,1614292534790,4,0.0
1614292536,1.21649,1.21649,0.0,0,1614292536436,130,0.0
1614292539,1.21649,1.2165,0.0,0,1614292539117,4,0.0
1614292541,1.21648,1.21649,0.0,0,1614292541585,134,0.0
1614292542,1.21649,1.21651,0.0,0,1614292542099,134,0.0
1614292542,1.21649,1.2165,0.0,0,1614292542718,4,0.0
1614292543,1.21646,1.21646,0.0,0,1614292543783,134,0.0
1614292545,1.21644,1.21645,0.0,0,1614292545616,134,0.0
1614292546,1.21644,1.21644,0.0,0,1614292546708,4,0.0
1614292547,1.21643,1.21643,0.0,0,1614292547232,134,0.0
1614292547,1.21644,1.21644,0.0,0,1614292547735,134,0.0
1614292548,1.21643,1.21643,0.0,0,1614292548282,134,0.0
1614292548,1.21642,1.21643,0.0,0,1614292548807,130,0.0
1614292549,1.21643,1.21644,0.0,0,1614292549888,134,0.0
1614292550,1.21642,1.21643,0.0,0,1614292550399,134,0.0
1614292551,1.21643,1.21643,0.0,0,1614292551607,130,0.0
1614292552,1.21644,1.21644,0.0,0,1614292552164,134,0.0
1614292554,1.21643,1.21644,0.0,0,1614292554612,130,0.0
1614292555,1.21644,1.21644,0.0,0,1614292555720,130,0.0
1614292556,1.21645,1.21645,0.0,0,1614292556306,134,0.0
1614292556,1.21644,1.21645,0.0,0,1614292556910,130,0.0
1614292557,1.21643,1.21644,0.0,0,1614292557466,134,0.0
1614292558,1.21644,1.21644,0.0,0,1614292558059,130,0.0
1614292559,1.21643,1.21644,0.0,0,1614292559699,130,0.0
1614292560,1.21643,1.21644,0.0,0,1614292560284,130,0.0
1614292561,1.21644,1.21644,0.0,0,1614292561100,130,0.0
1614292562,1.21641,1.21641,0.0,0,1614292562763,134,0.0
1614292563,1.21642,1.21642,0.0,0,1614292563279,134,0.0
1614292564,1.2164,1.21641,0.0,0,1614292564668,134,0.0
1614292567,1.2164,1.2164,0.0,0,1614292567026,4,0.0
1614292569,1.21635,1.2163599999999999,0.0,0,1614292569205,134,0.0
1614292569,1.21634,1.21635,0.0,0,1614292569707,134,0.0
1614292571,1.21638,1.21638,0.0,0,1614292571364,134,0.0
1614292571,1.21637,1.21637,0.0,0,1614292571866,134,0.0
1614292572,1.2163599999999999,1.2163599999999999,0.0,0,1614292572368,134,0.0
1614292575,1.21635,1.2163599999999999,0.0,0,1614292575336,130,0.0
1614292575,1.21634,1.2163599999999999,0.0,0,1614292575949,130,0.0
1614292578,1.21634,1.21634,0.0,0,1614292578856,4,0.0
1614292579,1.2163599999999999,1.2163599999999999,0.0,0,1614292579417,134,0.0
1614292580,1.2163599999999999,1.21637,0.0,0,1614292580438,4,0.0
1614292580,1.21635,1.21635,0.0,0,1614292580966,134,0.0
1614292582,1.2163599999999999,1.2163599999999999,0.0,0,1614292582405,134,0.0
1614292582,1.21635,1.21635,0.0,0,1614292582910,134,0.0
1614292583,1.21634,1.21635,0.0,0,1614292583408,130,0.0
1614292584,1.21633,1.21634,0.0,0,1614292584013,134,0.0
1614292585,1.21629,1.21629,0.0,0,1614292585708,134,0.0
1614292586,1.21629,1.2163,0.0,0,1614292586212,4,0.0
1614292586,1.21629,1.21629,0.0,0,1614292586800,4,0.0
1614292587,1.21628,1.21629,0.0,0,1614292587335,130,0.0
1614292588,1.21631,1.21632,0.0,0,1614292588332,134,0.0
1614292588,1.2163,1.21632,0.0,0,1614292588882,130,0.0
1614292589,1.21629,1.21629,0.0,0,1614292589586,134,0.0
1614292591,1.21628,1.21629,0.0,0,1614292591168,130,0.0
1614292591,1.21629,1.2163,0.0,0,1614292591734,134,0.0
1614292597,1.21633,1.21634,0.0,0,1614292597442,134,0.0
1614292598,1.21635,1.21635,0.0,0,1614292598544,134,0.0
1614292599,1.21635,1.2163599999999999,0.0,0,1614292599059,4,0.0
1614292599,1.21643,1.21643,0.0,0,1614292599870,134,0.0
1614292600,1.2164,1.21641,0.0,0,1614292600379,134,0.0
1614292600,1.21641,1.21642,0.0,0,1614292600980,134,0.0
1614292602,1.21643,1.21645,0.0,0,1614292602058,134,0.0
1614292602,1.21644,1.21645,0.0,0,1614292602559,130,0.0
1614292603,1.21642,1.21642,0.0,0,1614292603781,134,0.0
1614292604,1.21642,1.21643,0.0,0,1614292604284,4,0.0
1614292605,1.2164,1.21641,0.0,0,1614292605115,134,0.0
1614292606,1.21641,1.21641,0.0,0,1614292606131,130,0.0
1614292607,1.21647,1.21648,0.0,0,1614292607946,134,0.0
1614292608,1.21647,1.21647,0.0,0,1614292608449,4,0.0
1614292608,1.21645,1.21646,0.0,0,1614292608962,134,0.0
1614292609,1.21644,1.21646,0.0,0,1614292609999,130,0.0
1614292610,1.21644,1.21644,0.0,0,1614292610556,4,0.0
1614292611,1.21643,1.21643,0.0,0,1614292611138,134,0.0
1614292615,1.21642,1.21642,0.0,0,1614292615462,134,0.0
1614292615,1.21641,1.21641,0.0,0,1614292615987,134,0.0
1614292616,1.21644,1.21645,0.0,0,1614292616597,134,0.0
1614292617,1.21643,1.21643,0.0,0,1614292617743,134,0.0
1614292618,1.21642,1.21642,0.0,0,1614292618251,134,0.0
1614292620,1.21642,1.21642,0.0,0,1614292620206,130,0.0
1614292622,1.21641,1.21641,0.0,0,1614292622348,134,0.0
1614292622,1.21644,1.21644,0.0,0,1614292622849,134,0.0
1614292623,1.21644,1.21645,0.0,0,1614292623369,4,0.0
1614292626,1.21647,1.21648,0.0,0,1614292626879,134,0.0
1614292628,1.21649,1.21651,0.0,0,1614292628517,134,0.0
1614292629,1.21652,1.21652,0.0,0,1614292629525,134,0.0
1614292630,1.2165,1.21651,0.0,0,1614292630049,134,0.0
1614292631,1.21654,1.21655,0.0,0,1614292631159,134,0.0
1614292632,1.21656,1.21656,0.0,0,1614292632340,134,0.0
1614292635,1.21655,1.21655,0.0,0,1614292635783,134,0.0
1614292637,1.21651,1.21651,0.0,0,1614292637149,134,0.0
1614292637,1.2165,1.2165,0.0,0,1614292637655,134,0.0
1614292638,1.21649,1.21649,0.0,0,1614292638705,134,0.0
1614292639,1.21649,1.2165,0.0,0,1614292639778,4,0.0
1614292643,1.21649,1.21651,0.0,0,1614292643265,4,0.0
1614292645,1.21654,1.21655,0.0,0,1614292645363,134,0.0
1614292647,1.2165,1.21651,0.0,0,1614292647461,134,0.0
1614292648,1.2165300000000001,1.2165300000000001,0.0,0,1614292648093,134,0.0
1614292649,1.21652,1.21652,0.0,0,1614292649139,134,0.0
1614292650,1.2165,1.2165,0.0,0,1614292650827,134,0.0
1614292651,1.21649,1.21649,0.0,0,1614292651928,134,0.0
1614292653,1.21649,1.2165,0.0,0,1614292653550,4,0.0
1614292654,1.21645,1.21645,0.0,0,1614292654110,134,0.0
1614292657,1.21648,1.21649,0.0,0,1614292657451,134,0.0
1614292657,1.21649,1.2165,0.0,0,1614292657989,134,0.0
1614292658,1.2165,1.21651,0.0,0,1614292658511,134,0.0
1614292662,1.2165,1.2165,0.0,0,1614292662142,4,0.0
1614292662,1.21649,1.2165,0.0,0,1614292662766,130,0.0
1614292666,1.21645,1.21645,0.0,0,1614292666245,134,0.0
1614292666,1.21644,1.21645,0.0,0,1614292666751,130,0.0
1614292667,1.21644,1.21646,0.0,0,1614292667933,4,0.0
1614292670,1.21642,1.21643,0.0,0,1614292670251,134,0.0
1614292671,1.21639,1.21639,0.0,0,1614292671306,134,0.0
1614292672,1.21639,1.2164,0.0,0,1614292672368,4,0.0
1614292673,1.21637,1.21638,0.0,0,1614292673556,134,0.0
1614292674,1.21637,1.21639,0.0,0,1614292674116,4,0.0
1614292674,1.21638,1.21639,0.0,0,1614292674633,130,0.0
1614292675,1.21639,1.2164,0.0,0,1614292675954,134,0.0
1614292676,1.21638,1.21639,0.0,0,1614292676583,134,0.0
1614292677,1.21638,1.2164,0.0,0,1614292677528,4,0.0
1614292679,1.21637,1.21639,0.0,0,1614292679228,134,0.0
1614292679,1.21638,1.2164,0.0,0,1614292679731,134,0.0
1614292680,1.21638,1.2164,0.0,0,1614292680304,130,0.0
1614292681,1.21642,1.21642,0.0,0,1614292681377,134,0.0
1614292681,1.21641,1.21642,0.0,0,1614292681968,130,0.0
1614292683,1.21642,1.21643,0.0,0,1614292683024,134,0.0
1614292683,1.21641,1.21642,0.0,0,1614292683551,134,0.0
1614292685,1.21641,1.21641,0.0,0,1614292685806,4,0.0
1614292686,1.2164,1.2164,0.0,0,1614292686329,134,0.0
1614292687,1.21642,1.21643,0.0,0,1614292687602,134,0.0
1614292688,1.21643,1.21643,0.0,0,1614292688110,130,0.0
1614292689,1.21642,1.21643,0.0,0,1614292689980,130,0.0
1614292692,1.21645,1.21645,0.0,0,1614292692932,134,0.0
1614292693,1.21641,1.21641,0.0,0,1614292693494,134,0.0
1614292693,1.21642,1.21642,0.0,0,1614292693996,134,0.0
1614292694,1.21643,1.21643,0.0,0,1614292694511,134,0.0
1614292697,1.21644,1.21644,0.0,0,1614292697254,134,0.0
1614292697,1.21643,1.21644,0.0,0,1614292697806,130,0.0
1614292698,1.21643,1.21645,0.0,0,1614292698346,4,0.0
1614292700,1.21644,1.21644,0.0,0,1614292700185,134,0.0
1614292700,1.21642,1.21643,0.0,0,1614292700693,134,0.0
1614292701,1.21643,1.21643,0.0,0,1614292701200,130,0.0
1614292704,1.21641,1.21641,0.0,0,1614292704854,134,0.0
1614292705,1.21639,1.21639,0.0,0,1614292705510,134,0.0
1614292706,1.21639,1.2164,0.0,0,1614292706580,4,0.0
1614292707,1.21639,1.21639,0.0,0,1614292707165,4,0.0
1614292710,1.21635,1.21635,0.0,0,1614292710045,134,0.0
1614292710,1.21632,1.21633,0.0,0,1614292710657,134,0.0
1614292711,1.21633,1.21633,0.0,0,1614292711162,130,0.0
1614292711,1.21631,1.21631,0.0,0,1614292711777,134,0.0
1614292712,1.21631,1.21632,0.0,0,1614292712798,4,0.0
1614292713,1.21632,1.21632,0.0,0,1614292713323,130,0.0
1614292715,1.21635,1.21635,0.0,0,1614292715097,134,0.0
1614292719,1.21639,1.2164,0.0,0,1614292719504,134,0.0
1614292721,1.21641,1.21643,0.0,0,1614292721433,134,0.0
1614292721,1.21643,1.21643,0.0,0,1614292721963,130,0.0
1614292723,1.21645,1.21646,0.0,0,1614292723565,134,0.0
1614292724,1.21649,1.21651,0.0,0,1614292724718,134,0.0
1614292725,1.2165,1.21651,0.0,0,1614292725222,130,0.0
1614292726,1.21652,1.2165300000000001,0.0,0,1614292726831,134,0.0
1614292727,1.21654,1.21655,0.0,0,1614292727845,134,0.0
1614292728,1.2165300000000001,1.2165300000000001,0.0,0,1614292728941,134,0.0
1614292729,1.21654,1.21654,0.0,0,1614292729536,134,0.0
1614292730,1.21657,1.21657,0.0,0,1614292730064,134,0.0
1614292730,1.21659,1.21659,0.0,0,1614292730560,134,0.0
1614292732,1.21658,1.21658,0.0,0,1614292732187,134,0.0
1614292733,1.21656,1.21656,0.0,0,1614292733099,134,0.0
1614292734,1.21656,1.21657,0.0,0,1614292734521,4,0.0
1614292735,1.21658,1.21658,0.0,0,1614292735025,134,0.0
1614292736,1.2166,1.2166,0.0,0,1614292736521,134,0.0
1614292737,1.21661,1.21661,0.0,0,1614292737034,134,0.0
1614292738,1.21658,1.21658,0.0,0,1614292738731,134,0.0
1614292739,1.21659,1.21659,0.0,0,1614292739241,134,0.0
1614292740,1.21659,1.21659,0.0,0,1614292740609,130,0.0
1614292741,1.21658,1.21659,0.0,0,1614292741662,130,0.0
1614292742,1.2166,1.21661,0.0,0,1614292742175,134,0.0
1614292742,1.21661,1.2166299999999999,0.0,0,1614292742752,134,0.0
1614292743,1.21662,1.2166299999999999,0.0,0,1614292743348,130,0.0
1614292743,1.2166,1.2166,0.0,0,1614292743873,134,0.0
1614292744,1.2166,1.21661,0.0,0,1614292744389,4,0.0
1614292745,1.2166,1.2166,0.0,0,1614292745463,4,0.0
1614292746,1.2166,1.21661,0.0,0,1614292746194,4,0.0
1614292747,1.21659,1.2166,0.0,0,1614292747726,134,0.0
1614292748,1.2166,1.2166,0.0,0,1614292748758,130,0.0
1614292752,1.2166,1.21661,0.0,0,1614292752207,4,0.0
1614292754,1.21658,1.21658,0.0,0,1614292754789,134,0.0
1614292755,1.21656,1.21656,0.0,0,1614292755312,134,0.0
1614292756,1.21655,1.21657,0.0,0,1614292756567,134,0.0
1614292757,1.21659,1.21659,0.0,0,1614292757565,134,0.0
1614292758,1.21659,1.2166,0.0,0,1614292758215,4,0.0
1614292760,1.21657,1.21658,0.0,0,1614292760093,134,0.0
1614292761,1.21659,1.21659,0.0,0,1614292761244,134,0.0
1614292766,1.2166,1.2166,0.0,0,1614292766265,134,0.0
1614292769,1.21661,1.21661,0.0,0,1614292769380,134,0.0
1614292770,1.21658,1.21658,0.0,0,1614292770968,134,0.0
1614292771,1.21656,1.21656,0.0,0,1614292771493,134,0.0
1614292771,1.21658,1.21658,0.0,0,1614292771996,134,0.0
1614292772,1.21659,1.21659,0.0,0,1614292772512,134,0.0
1614292774,1.21662,1.21662,0.0,0,1614292774617,134,0.0
1614292775,1.21661,1.21661,0.0,0,1614292775240,134,0.0
1614292775,1.2166,1.2166,0.0,0,1614292775760,134,0.0
1614292778,1.21661,1.21661,0.0,0,1614292778260,134,0.0
1614292778,1.2166299999999999,1.21664,0.0,0,1614292778767,134,0.0
1614292779,1.21664,1.21664,0.0,0,1614292779299,130,0.0
1614292781,1.21664,1.21665,0.0,0,1614292781372,4,0.0
1614292784,1.21665,1.21665,0.0,0,1614292784594,130,0.0
1614292786,1.21664,1.21664,0.0,0,1614292786009,134,0.0
1614292786,1.2166299999999999,1.2166299999999999,0.0,0,1614292786749,134,0.0
1614292787,1.21664,1.21664,0.0,0,1614292787768,134,0.0
1614292788,1.21664,1.21665,0.0,0,1614292788270,4,0.0
1614292800,1.21666,1.21666,0.0,0,1614292800450,134,0.0
1614292801,1.21669,1.21669,0.0,0,1614292801453,134,0.0
1614292803,1.21671,1.21671,0.0,0,1614292803877,134,0.0
1614292804,1.21672,1.21672,0.0,0,1614292804382,134,0.0
1614292804,1.2167,1.21671,0.0,0,1614292804998,134,0.0
1614292805,1.2167,1.2167,0.0,0,1614292805531,4,0.0
1614292806,1.21669,1.2167,0.0,0,1614292806766,130,0.0
1614292810,1.2167,1.2167,0.0,0,1614292810897,130,0.0
1614292813,1.21669,1.2167,0.0,0,1614292813436,130,0.0
1614292813,1.2167,1.2167,0.0,0,1614292813970,130,0.0
1614292814,1.21673,1.21673,0.0,0,1614292814523,134,0.0
1614292815,1.21671,1.21671,0.0,0,1614292815084,134,0.0
1614292822,1.2167,1.21671,0.0,0,1614292822920,130,0.0
1614292824,1.2167,1.2167,0.0,0,1614292824898,4,0.0
1614292825,1.21664,1.21664,0.0,0,1614292825666,134,0.0
1614292826,1.2166,1.2166,0.0,0,1614292826156,134,0.0
1614292829,1.21659,1.2166,0.0,0,1614292829835,130,0.0
1614292837,1.21661,1.21661,0.0,0,1614292837634,134,0.0
1614292839,1.2166,1.2166,0.0,0,1614292839201,134,0.0
1614292839,1.21659,1.2166,0.0,0,1614292839717,130,0.0
1614292840,1.21661,1.21661,0.0,0,1614292840567,134,0.0
1614292841,1.2166,1.2166,0.0,0,1614292841603,134,0.0
1614292842,1.21662,1.2166299999999999,0.0,0,1614292842178,134,0.0
1614292842,1.2166,1.2166,0.0,0,1614292842680,134,0.0
1614292844,1.21659,1.21659,0.0,0,1614292844925,134,0.0
1614292845,1.21657,1.21657,0.0,0,1614292845609,134,0.0
1614292846,1.21658,1.21658,0.0,0,1614292846118,134,0.0
1614292847,1.21655,1.21655,0.0,0,1614292847219,134,0.0
1614292850,1.2165,1.2165,0.0,0,1614292850433,134,0.0
1614292850,1.21648,1.21649,0.0,0,1614292850939,134,0.0
1614292851,1.21648,1.21648,0.0,0,1614292851501,4,0.0
1614292855,1.21646,1.21647,0.0,0,1614292855241,134,0.0
1614292855,1.21647,1.21647,0.0,0,1614292855818,130,0.0
1614292856,1.21647,1.21648,0.0,0,1614292856486,4,0.0
1614292858,1.21644,1.21645,0.0,0,1614292858523,134,0.0
1614292859,1.21643,1.21643,0.0,0,1614292859053,134,0.0
1614292859,1.21642,1.21643,0.0,0,1614292859579,130,0.0
1614292860,1.21641,1.21641,0.0,0,1614292860100,134,0.0
1614292860,1.21642,1.21643,0.0,0,1614292860634,134,0.0
1614292861,1.21643,1.21643,0.0,0,1614292861148,130,0.0
1614292861,1.21645,1.21646,0.0,0,1614292861667,134,0.0
1614292862,1.21648,1.21648,0.0,0,1614292862354,134,0.0
1614292862,1.21646,1.21647,0.0,0,1614292862855,134,0.0
1614292863,1.21645,1.21646,0.0,0,1614292863367,134,0.0
1614292864,1.21647,1.21648,0.0,0,1614292864462,134,0.0
1614292865,1.21647,1.21649,0.0,0,1614292865776,4,0.0
1614292866,1.21648,1.21649,0.0,0,1614292866336,130,0.0
1614292866,1.21647,1.21649,0.0,0,1614292866860,130,0.0
1614292868,1.21649,1.21649,0.0,0,1614292868430,130,0.0
1614292868,1.21648,1.21649,0.0,0,1614292868931,130,0.0
1614292869,1.21649,1.21649,0.0,0,1614292869441,130,0.0
1614292870,1.21649,1.2165,0.0,0,1614292870921,4,0.0
1614292871,1.21649,1.21649,0.0,0,1614292871970,4,0.0
1614292872,1.21649,1.2165,0.0,0,1614292872568,4,0.0
1614292881,1.21649,1.21649,0.0,0,1614292881589,4,0.0
1614292882,1.21649,1.2165,0.0,0,1614292882225,4,0.0
1614292902,1.21649,1.21651,0.0,0,1614292902226,4,0.0
1614292909,1.21649,1.2165,0.0,0,1614292909833,4,0.0
1614292913,1.21648,1.2165,0.0,0,1614292913756,130,0.0
1614292914,1.21649,1.2165,0.0,0,1614292914561,130,0.0
1614292915,1.21649,1.21651,0.0,0,1614292915900,4,0.0
1614292917,1.21649,1.2165,0.0,0,1614292917960,4,0.0
1614292920,1.21649,1.2165,0.0,0,1614292920030,130,0.0
1614292924,1.21649,1.21651,0.0,0,1614292924016,4,0.0
1614292927,1.2165,1.21651,0.0,0,1614292927399,130,0.0
1614292930,1.2165,1.2165,0.0,0,1614292930992,4,0.0
1614292932,1.2165,1.21651,0.0,0,1614292932133,4,0.0
1614292932,1.21654,1.21655,0.0,0,1614292932676,134,0.0
1614292934,1.21658,1.21659,0.0,0,1614292934419,134,0.0
1614292934,1.21658,1.2166,0.0,0,1614292934994,4,0.0
1614292935,1.21659,1.2166,0.0,0,1614292935512,130,0.0
1614292937,1.21659,1.21661,0.0,0,1614292937982,4,0.0
1614292940,1.21655,1.21656,0.0,0,1614292940289,134,0.0
1614292943,1.21654,1.21655,0.0,0,1614292943081,134,0.0
1614292945,1.21654,1.21654,0.0,0,1614292945890,4,0.0
1614292946,1.2165300000000001,1.2165300000000001,0.0,0,1614292946444,134,0.0
1614292946,1.21652,1.2165300000000001,0.0,0,1614292946951,130,0.0
1614292947,1.2165300000000001,1.21654,0.0,0,1614292947474,134,0.0
1614292948,1.21654,1.21654,0.0,0,1614292948496,130,0.0
1614292950,1.21655,1.21655,0.0,0,1614292950632,134,0.0
1614292951,1.21656,1.21656,0.0,0,1614292951145,134,0.0
1614292951,1.21655,1.21656,0.0,0,1614292951673,130,0.0
1614292952,1.21656,1.21656,0.0,0,1614292952787,130,0.0
1614292953,1.2166,1.2166,0.0,0,1614292953290,134,0.0
1614292954,1.2166299999999999,1.21664,0.0,0,1614292954667,134,0.0
1614292955,1.21664,1.21664,0.0,0,1614292955183,130,0.0
1614292958,1.21664,1.21665,0.0,0,1614292958024,4,0.0
1614292958,1.21665,1.21665,0.0,0,1614292958738,130,0.0
1614292959,1.21664,1.21665,0.0,0,1614292959267,130,0.0
1614292960,1.21665,1.21665,0.0,0,1614292960142,130,0.0
1614292961,1.21664,1.21665,0.0,0,1614292961448,130,0.0
1614292963,1.21664,1.21664,0.0,0,1614292963321,4,0.0
1614292965,1.21661,1.21661,0.0,0,1614292965147,134,0.0
1614292965,1.21664,1.21664,0.0,0,1614292965640,134,0.0
1614292966,1.21664,1.21665,0.0,0,1614292966862,4,0.0
1614292967,1.21665,1.21665,0.0,0,1614292967438,130,0.0
1614292967,1.21666,1.21666,0.0,0,1614292967941,134,0.0
1614292968,1.21666,1.21667,0.0,0,1614292968482,4,0.0
1614292969,1.2167,1.2167,0.0,0,1614292969038,134,0.0
1614292970,1.2167,1.21671,0.0,0,1614292970676,4,0.0
1614292971,1.21673,1.21673,0.0,0,1614292971295,134,0.0
1614292971,1.21674,1.21674,0.0,0,1614292971800,134,0.0
1614292979,1.21676,1.21676,0.0,0,1614292979079,134,0.0
1614292980,1.21679,1.2168,0.0,0,1614292980089,134,0.0
1614292980,1.21677,1.21677,0.0,0,1614292980620,134,0.0
1614292981,1.2168,1.2168,0.0,0,1614292981135,134,0.0
1614292982,1.2168,1.21681,0.0,0,1614292982171,4,0.0
1614292983,1.2168,1.2168,0.0,0,1614292983562,4,0.0
1614292984,1.2168,1.21681,0.0,0,1614292984071,4,0.0
1614292987,1.2168,1.2168,0.0,0,1614292987202,4,0.0
1614292993,1.21679,1.21679,0.0,0,1614292993676,134,0.0
1614292994,1.21677,1.21678,0.0,0,1614292994904,134,0.0
1614292995,1.21677,1.21677,0.0,0,1614292995459,4,0.0
1614292995,1.21677,1.21678,0.0,0,1614292995963,4,0.0
1614292997,1.2168,1.2168,0.0,0,1614292997670,134,0.0
1614292998,1.21684,1.21684,0.0,0,1614292998176,134,0.0
1614292998,1.21686,1.21686,0.0,0,1614292998677,134,0.0
1614292999,1.2169,1.2169,0.0,0,1614292999784,134,0.0
1614293000,1.21685,1.21685,0.0,0,1614293000306,134,0.0
1614293000,1.21688,1.21688,0.0,0,1614293000809,134,0.0
1614293001,1.21689,1.21689,0.0,0,1614293001331,134,0.0
1614293001,1.2169,1.2169,0.0,0,1614293001907,134,0.0
1614293002,1.21689,1.21689,0.0,0,1614293002458,134,0.0
1614293003,1.2169,1.2169,0.0,0,1614293003189,134,0.0
1614293004,1.21691,1.21691,0.0,0,1614293004347,134,0.0
1614293004,1.21693,1.21693,0.0,0,1614293004880,134,0.0
1614293006,1.21694,1.21694,0.0,0,1614293006004,134,0.0
1614293007,1.21696,1.21696,0.0,0,1614293007727,134,0.0
1614293008,1.21695,1.21695,0.0,0,1614293008413,134,0.0
1614293009,1.21696,1.21696,0.0,0,1614293009739,134,0.0
1614293010,1.21695,1.21695,0.0,0,1614293010941,134,0.0
1614293012,1.21696,1.21696,0.0,0,1614293012101,134,0.0
1614293012,1.21699,1.21699,0.0,0,1614293012676,134,0.0
1614293014,1.2169699999999999,1.2169699999999999,0.0,0,1614293014781,134,0.0
1614293015,1.21699,1.21699,0.0,0,1614293015281,134,0.0
1614293016,1.21698,1.21698,0.0,0,1614293016994,134,0.0
1614293017,1.21699,1.21699,0.0,0,1614293017512,134,0.0
1614293018,1.21704,1.21704,0.0,0,1614293018704,134,0.0
1614293022,1.21704,1.21705,0.0,0,1614293022996,4,0.0
1614293024,1.21705,1.21706,0.0,0,1614293024680,134,0.0
1614293025,1.21705,1.21705,0.0,0,1614293025179,4,0.0
1614293030,1.21702,1.21702,0.0,0,1614293030157,134,0.0
1614293030,1.217,1.217,0.0,0,1614293030662,134,0.0
1614293032,1.21702,1.21702,0.0,0,1614293032792,134,0.0
1614293033,1.21705,1.21705,0.0,0,1614293033299,134,0.0
1614293033,1.21708,1.21708,0.0,0,1614293033894,134,0.0
1614293034,1.21708,1.21709,0.0,0,1614293034405,4,0.0
1614293035,1.21708,1.21708,0.0,0,1614293035260,4,0.0
1614293035,1.21708,1.21709,0.0,0,1614293035766,4,0.0
1614293037,1.21707,1.21707,0.0,0,1614293037098,134,0.0
1614293037,1.21706,1.21706,0.0,0,1614293037673,134,0.0
1614293039,1.21705,1.21705,0.0,0,1614293039427,134,0.0
1614293040,1.21705,1.21706,0.0,0,1614293040005,134,0.0
1614293040,1.21705,1.21705,0.0,0,1614293040504,4,0.0
1614293041,1.21704,1.21704,0.0,0,1614293041056,134,0.0
1614293044,1.21703,1.21703,0.0,0,1614293044551,134,0.0
1614293045,1.21702,1.21702,0.0,0,1614293045471,134,0.0
1614293046,1.21701,1.21701,0.0,0,1614293046486,134,0.0
1614293052,1.21702,1.21702,0.0,0,1614293052013,134,0.0
1614293052,1.21701,1.21701,0.0,0,1614293052601,134,0.0
1614293054,1.2169699999999999,1.2169699999999999,0.0,0,1614293054431,134,0.0
1614293054,1.21698,1.21699,0.0,0,1614293054933,134,0.0
1614293055,1.21698,1.21698,0.0,0,1614293055553,4,0.0
1614293058,1.21695,1.21695,0.0,0,1614293058485,134,0.0
1614293058,1.21696,1.2169699999999999,0.0,0,1614293058994,134,0.0
1614293059,1.21698,1.21698,0.0,0,1614293059496,134,0.0
1614293060,1.2169699999999999,1.2169699999999999,0.0,0,1614293060060,134,0.0
1614293060,1.2169699999999999,1.21698,0.0,0,1614293060585,4,0.0
1614293064,1.21696,1.21696,0.0,0,1614293064958,134,0.0
1614293066,1.21695,1.21695,0.0,0,1614293066103,134,0.0
1614293067,1.2169699999999999,1.21698,0.0,0,1614293067814,134,0.0
1614293068,1.21696,1.21696,0.0,0,1614293068330,134,0.0
1614293068,1.21694,1.21694,0.0,0,1614293068837,134,0.0
1614293070,1.21692,1.21692,0.0,0,1614293070327,134,0.0
1614293070,1.21693,1.21693,0.0,0,1614293070987,134,0.0
1614293073,1.2169699999999999,1.2169699999999999,0.0,0,1614293073937,134,0.0
1614293075,1.21696,1.21696,0.0,0,1614293075481,134,0.0
1614293077,1.2169699999999999,1.2169699999999999,0.0,0,1614293077774,134,0.0
1614293078,1.21696,1.21696,0.0,0,1614293078787,134,0.0
1614293080,1.21698,1.21698,0.0,0,1614293080507,134,0.0
1614293081,1.2169699999999999,1.21698,0.0,0,1614293081123,130,0.0
1614293081,1.21698,1.21698,0.0,0,1614293081632,130,0.0
1614293082,1.21695,1.21696,0.0,0,1614293082145,134,0.0
1614293082,1.21696,1.21696,0.0,0,1614293082645,130,0.0
1614293083,1.21692,1.21692,0.0,0,1614293083149,134,0.0
1614293083,1.21691,1.21691,0.0,0,1614293083666,134,0.0
1614293084,1.2169,1.2169,0.0,0,1614293084247,134,0.0
1614293085,1.21689,1.2169,0.0,0,1614293085012,130,0.0
1614293086,1.2169,1.2169,0.0,0,1614293086225,130,0.0
1614293086,1.21689,1.21689,0.0,0,1614293086734,134,0.0
1614293088,1.21694,1.21694,0.0,0,1614293088468,134,0.0
1614293090,1.21694,1.21695,0.0,0,1614293090629,4,0.0
1614293092,1.2169699999999999,1.21698,0.0,0,1614293092960,134,0.0
1614293093,1.21696,1.21696,0.0,0,1614293093513,134,0.0
1614293094,1.21695,1.21695,0.0,0,1614293094160,134,0.0
1614293094,1.21694,1.21695,0.0,0,1614293094670,130,0.0
1614293096,1.21695,1.21696,0.0,0,1614293096170,134,0.0
1614293096,1.21689,1.21689,0.0,0,1614293096797,134,0.0
1614293099,1.21689,1.2169,0.0,0,1614293099546,4,0.0
1614293100,1.2169,1.2169,0.0,0,1614293100123,130,0.0
1614293101,1.21688,1.21689,0.0,0,1614293101286,134,0.0
1614293101,1.21688,1.21688,0.0,0,1614293101814,4,0.0
1614293104,1.21688,1.21689,0.0,0,1614293104709,4,0.0
1614293105,1.21685,1.21685,0.0,0,1614293105423,134,0.0
1614293105,1.21684,1.21685,0.0,0,1614293105937,130,0.0
1614293106,1.21685,1.21686,0.0,0,1614293106516,134,0.0
1614293107,1.2169,1.21691,0.0,0,1614293107038,134,0.0
1614293111,1.2169,1.2169,0.0,0,1614293111820,4,0.0
1614293114,1.21689,1.2169,0.0,0,1614293114291,130,0.0
1614293115,1.21689,1.21689,0.0,0,1614293115561,4,0.0
1614293116,1.21688,1.21689,0.0,0,1614293116205,130,0.0
1614293116,1.21685,1.21686,0.0,0,1614293116714,134,0.0
1614293117,1.21685,1.21685,0.0,0,1614293117793,4,0.0
1614293118,1.21685,1.21686,0.0,0,1614293118507,4,0.0
1614293119,1.21689,1.2169,0.0,0,1614293119040,134,0.0
1614293120,1.2169,1.2169,0.0,0,1614293120960,130,0.0
1614293122,1.21689,1.21689,0.0,0,1614293122218,134,0.0
1614293123,1.2168700000000001,1.21688,0.0,0,1614293123524,134,0.0
1614293125,1.21688,1.21689,0.0,0,1614293125309,134,0.0
1614293125,1.2169,1.21691,0.0,0,1614293125811,134,0.0
1614293126,1.21694,1.21695,0.0,0,1614293126356,134,0.0
1614293126,1.21695,1.21695,0.0,0,1614293126872,130,0.0
1614293127,1.21694,1.21695,0.0,0,1614293127394,130,0.0
1614293128,1.21698,1.21699,0.0,0,1614293128943,134,0.0
1614293129,1.21695,1.21695,0.0,0,1614293129472,134,0.0
1614293130,1.21695,1.21696,0.0,0,1614293130032,4,0.0
1614293130,1.21699,1.21699,0.0,0,1614293130591,134,0.0
1614293133,1.21699,1.217,0.0,0,1614293133894,4,0.0
1614293134,1.21699,1.21699,0.0,0,1614293134484,4,0.0
1614293135,1.217,1.21701,0.0,0,1614293135153,134,0.0
1614293136,1.21699,1.21699,0.0,0,1614293136513,134,0.0
1614293137,1.21699,1.217,0.0,0,1614293137018,4,0.0
1614293137,1.217,1.217,0.0,0,1614293137532,130,0.0
1614293138,1.21699,1.217,0.0,0,1614293138047,130,0.0
1614293138,1.217,1.217,0.0,0,1614293138630,130,0.0
1614293139,1.217,1.21701,0.0,0,1614293139136,4,0.0
1614293140,1.21705,1.21705,0.0,0,1614293140334,134,0.0
1614293140,1.21705,1.21706,0.0,0,1614293140819,4,0.0
1614293141,1.21706,1.21706,0.0,0,1614293141567,130,0.0
1614293142,1.21705,1.21706,0.0,0,1614293142073,130,0.0
1614293143,1.21708,1.21708,0.0,0,1614293143767,134,0.0
1614293144,1.21707,1.21707,0.0,0,1614293144382,134,0.0
1614293145,1.21708,1.21709,0.0,0,1614293145417,134,0.0
1614293146,1.21708,1.21708,0.0,0,1614293146305,4,0.0
1614293147,1.21707,1.21707,0.0,0,1614293147596,134,0.0
1614293148,1.21705,1.21705,0.0,0,1614293148112,134,0.0
1614293150,1.21704,1.21705,0.0,0,1614293150544,130,0.0
1614293152,1.21704,1.21704,0.0,0,1614293152633,4,0.0
1614293153,1.21704,1.21705,0.0,0,1614293153347,4,0.0
1614293155,1.21705,1.21705,0.0,0,1614293155012,130,0.0
1614293158,1.21706,1.21706,0.0,0,1614293158409,134,0.0
1614293159,1.21708,1.21708,0.0,0,1614293159480,134,0.0
1614293160,1.21708,1.21708,0.0,0,1614293160414,130,0.0
1614293161,1.21713,1.21713,0.0,0,1614293161553,134,0.0
1614293162,1.21711,1.21711,0.0,0,1614293162635,134,0.0
1614293163,1.2171,1.2171,0.0,0,1614293163137,134,0.0
1614293163,1.21708,1.21708,0.0,0,1614293163651,134,0.0
1614293164,1.21707,1.21707,0.0,0,1614293164694,134,0.0
1614293165,1.21709,1.21709,0.0,0,1614293165198,134,0.0
1614293165,1.21708,1.21708,0.0,0,1614293165701,134,0.0
1614293166,1.21707,1.21707,0.0,0,1614293166746,134,0.0
1614293168,1.21708,1.21708,0.0,0,1614293168305,134,0.0
1614293168,1.21709,1.21709,0.0,0,1614293168811,134,0.0
1614293169,1.21711,1.21711,0.0,0,1614293169411,134,0.0
1614293170,1.21714,1.21714,0.0,0,1614293170637,134,0.0
1614293171,1.21713,1.21713,0.0,0,1614293171782,134,0.0
1614293176,1.21714,1.21714,0.0,0,1614293176093,134,0.0
1614293176,1.21716,1.21716,0.0,0,1614293176597,134,0.0
1614293178,1.21717,1.21717,0.0,0,1614293178813,134,0.0
1614293179,1.21718,1.21718,0.0,0,1614293179314,134,0.0
1614293182,1.21719,1.21719,0.0,0,1614293182222,134,0.0
1614293182,1.21718,1.21718,0.0,0,1614293182783,134,0.0
1614293185,1.21719,1.21719,0.0,0,1614293185576,134,0.0
1614293186,1.21718,1.21718,0.0,0,1614293186092,134,0.0
1614293187,1.21719,1.21719,0.0,0,1614293187313,134,0.0
1614293189,1.21718,1.21718,0.0,0,1614293189241,134,0.0
1614293191,1.21719,1.21719,0.0,0,1614293191863,134,0.0
1614293192,1.21716,1.21716,0.0,0,1614293192554,134,0.0
1614293195,1.21717,1.21717,0.0,0,1614293195861,134,0.0
1614293196,1.21718,1.21718,0.0,0,1614293196373,134,0.0
1614293197,1.21719,1.21719,0.0,0,1614293197475,134,0.0
1614293198,1.21717,1.21717,0.0,0,1614293198052,134,0.0
1614293198,1.21718,1.21718,0.0,0,1614293198558,134,0.0
1614293199,1.21719,1.21719,0.0,0,1614293199110,134,0.0
1614293199,1.21716,1.21716,0.0,0,1614293199617,134,0.0
1614293200,1.21716,1.21717,0.0,0,1614293200669,4,0.0
1614293201,1.21716,1.21716,0.0,0,1614293201292,4,0.0
1614293201,1.21712,1.21712,0.0,0,1614293201794,134,0.0
1614293202,1.21711,1.21711,0.0,0,1614293202313,134,0.0
1614293202,1.2171,1.2171,0.0,0,1614293202863,134,0.0
1614293204,1.21711,1.21711,0.0,0,1614293204021,134,0.0
1614293205,1.21712,1.21712,0.0,0,1614293205187,134,0.0
1614293206,1.21714,1.21714,0.0,0,1614293206327,134,0.0
1614293206,1.21717,1.21717,0.0,0,1614293206850,134,0.0
1614293207,1.21715,1.21715,0.0,0,1614293207418,134,0.0
1614293207,1.21714,1.21715,0.0,0,1614293207949,130,0.0
1614293208,1.21715,1.21715,0.0,0,1614293208594,130,0.0
1614293209,1.21714,1.21715,0.0,0,1614293209142,130,0.0
1614293209,1.21713,1.21713,0.0,0,1614293209842,134,0.0
1614293210,1.21712,1.21712,0.0,0,1614293210513,134,0.0
1614293211,1.21711,1.21711,0.0,0,1614293211021,134,0.0
1614293213,1.2171,1.2171,0.0,0,1614293213463,134,0.0
1614293214,1.21712,1.21712,0.0,0,1614293214034,134,0.0
1614293214,1.21715,1.21715,0.0,0,1614293214532,134,0.0
1614293217,1.21716,1.21716,0.0,0,1614293217662,134,0.0
1614293218,1.21717,1.21717,0.0,0,1614293218739,134,0.0
1614293219,1.21715,1.21715,0.0,0,1614293219941,134,0.0
1614293220,1.21715,1.21715,0.0,0,1614293220482,130,0.0
1614293221,1.21713,1.21714,0.0,0,1614293221151,134,0.0
1614293221,1.21714,1.21714,0.0,0,1614293221939,130,0.0
1614293222,1.21713,1.21713,0.0,0,1614293222467,134,0.0
1614293222,1.21716,1.21716,0.0,0,1614293222967,134,0.0
1614293223,1.21717,1.21717,0.0,0,1614293223529,134,0.0
1614293224,1.21718,1.21719,0.0,0,1614293224036,134,0.0
1614293224,1.21718,1.21718,0.0,0,1614293224553,4,0.0
1614293225,1.21719,1.2172,0.0,0,1614293225510,134,0.0
1614293226,1.21715,1.21715,0.0,0,1614293226489,134,0.0
1614293228,1.21714,1.21714,0.0,0,1614293228598,134,0.0
1614293229,1.21715,1.21715,0.0,0,1614293229284,134,0.0
1614293230,1.21716,1.21716,0.0,0,1614293230034,134,0.0
1614293231,1.21719,1.21719,0.0,0,1614293231098,134,0.0
1614293231,1.21718,1.21719,0.0,0,1614293231607,130,0.0
1614293232,1.21719,1.2172,0.0,0,1614293232268,134,0.0
1614293233,1.21718,1.21719,0.0,0,1614293233149,134,0.0
1614293236,1.21717,1.21717,0.0,0,1614293236986,134,0.0
1614293237,1.21714,1.21715,0.0,0,1614293237487,134,0.0
1614293239,1.21715,1.21715,0.0,0,1614293239911,130,0.0
1614293242,1.21715,1.21716,0.0,0,1614293242557,4,0.0
1614293244,1.21715,1.21715,0.0,0,1614293244259,4,0.0
1614293245,1.21715,1.21716,0.0,0,1614293245067,4,0.0
1614293248,1.21715,1.21715,0.0,0,1614293248002,4,0.0
1614293248,1.21715,1.21716,0.0,0,1614293248625,4,0.0
1614293249,1.21715,1.21715,0.0,0,1614293249150,4,0.0
1614293249,1.21715,1.21716,0.0,0,1614293249683,4,0.0
1614293252,1.21715,1.21715,0.0,0,1614293252404,4,0.0
1614293254,1.21713,1.21713,0.0,0,1614293254653,134,0.0
1614293255,1.21714,1.21714,0.0,0,1614293255161,134,0.0
1614293255,1.21715,1.21715,0.0,0,1614293255667,134,0.0
1614293259,1.21714,1.21715,0.0,0,1614293259551,130,0.0
1614293260,1.21715,1.21715,0.0,0,1614293260189,130,0.0
1614293260,1.21719,1.21719,0.0,0,1614293260864,134,0.0
1614293261,1.2172,1.2172,0.0,0,1614293261366,134,0.0
1614293262,1.21719,1.2172,0.0,0,1614293262397,130,0.0
1614293263,1.2172,1.2172,0.0,0,1614293263755,130,0.0
1614293264,1.21719,1.2172,0.0,0,1614293264268,130,0.0
1614293266,1.21718,1.21719,0.0,0,1614293266880,134,0.0
1614293270,1.21717,1.21718,0.0,0,1614293270495,134,0.0
1614293272,1.21718,1.21718,0.0,0,1614293272043,130,0.0
1614293272,1.21718,1.2172,0.0,0,1614293272555,4,0.0
1614293273,1.21718,1.21719,0.0,0,1614293273068,4,0.0
1614293280,1.21718,1.21719,0.0,0,1614293280558,130,0.0
1614293282,1.21719,1.21719,0.0,0,1614293282552,130,0.0
1614293283,1.21718,1.21719,0.0,0,1614293283296,130,0.0
1614293286,1.21717,1.21717,0.0,0,1614293286403,134,0.0
1614293286,1.21718,1.21718,0.0,0,1614293286905,134,0.0
1614293289,1.21719,1.21719,0.0,0,1614293289093,134,0.0
1614293289,1.21718,1.21719,0.0,0,1614293289643,130,0.0
1614293292,1.21721,1.21721,0.0,0,1614293292525,134,0.0
1614293293,1.21719,1.21719,0.0,0,1614293293046,134,0.0
1614293297,1.21723,1.21723,0.0,0,1614293297667,134,0.0
1614293299,1.21728,1.21728,0.0,0,1614293299756,134,0.0
1614293300,1.21729,1.21729,0.0,0,1614293300806,134,0.0
1614293301,1.2173,1.2173,0.0,0,1614293301419,134,0.0
1614293301,1.21731,1.21731,0.0,0,1614293301925,134,0.0
1614293302,1.2173,1.2173,0.0,0,1614293302569,134,0.0
1614293303,1.21731,1.21732,0.0,0,1614293303582,134,0.0
1614293304,1.21732,1.21733,0.0,0,1614293304460,134,0.0
1614293304,1.21733,1.21733,0.0,0,1614293304979,130,0.0
1614293305,1.21735,1.21735,0.0,0,1614293305481,134,0.0
1614293305,1.21734,1.21735,0.0,0,1614293305986,130,0.0
1614293307,1.21734,1.21734,0.0,0,1614293307855,4,0.0
1614293308,1.21735,1.21735,0.0,0,1614293308524,134,0.0
1614293309,1.21734,1.21734,0.0,0,1614293309045,134,0.0
1614293309,1.21733,1.21734,0.0,0,1614293309551,130,0.0
1614293310,1.21732,1.21733,0.0,0,1614293310110,134,0.0
1614293310,1.21732,1.21732,0.0,0,1614293310638,4,0.0
1614293311,1.21731,1.21731,0.0,0,1614293311153,134,0.0
1614293311,1.2173,1.2173,0.0,0,1614293311699,134,0.0
1614293312,1.21729,1.2173,0.0,0,1614293312201,130,0.0
1614293315,1.21728,1.21729,0.0,0,1614293315776,134,0.0
1614293319,1.2173,1.2173,0.0,0,1614293319375,134,0.0
1614293330,1.21734,1.21734,0.0,0,1614293330325,134,0.0
1614293333,1.21735,1.21735,0.0,0,1614293333869,134,0.0
1614293339,1.21735,1.21736,0.0,0,1614293339691,4,0.0
1614293340,1.21735,1.21735,0.0,0,1614293340232,134,0.0
1614293343,1.21733,1.21733,0.0,0,1614293343990,134,0.0
1614293345,1.21734,1.21734,0.0,0,1614293345785,134,0.0
1614293346,1.21737,1.21738,0.0,0,1614293346923,134,0.0
1614293347,1.21742,1.21743,0.0,0,1614293347424,134,0.0
1614293347,1.21744,1.21744,0.0,0,1614293347988,134,0.0
1614293348,1.21747,1.21747,0.0,0,1614293348539,134,0.0
1614293349,1.21746,1.21746,0.0,0,1614293349040,134,0.0
1614293349,1.21745,1.21746,0.0,0,1614293349630,130,0.0
1614293350,1.21744,1.21745,0.0,0,1614293350296,134,0.0
1614293351,1.21744,1.21744,0.0,0,1614293351333,4,0.0
1614293352,1.21745,1.21746,0.0,0,1614293352724,134,0.0
1614293353,1.21744,1.21745,0.0,0,1614293353221,134,0.0
1614293354,1.21744,1.21744,0.0,0,1614293354117,4,0.0
1614293356,1.2174800000000001,1.2175,0.0,0,1614293356398,134,0.0
1614293356,1.21746,1.21746,0.0,0,1614293356965,134,0.0
1614293357,1.21747,1.2174800000000001,0.0,0,1614293357480,134,0.0
1614293358,1.21745,1.21745,0.0,0,1614293358001,134,0.0
1614293358,1.21744,1.21745,0.0,0,1614293358502,130,0.0
1614293360,1.21747,1.21747,0.0,0,1614293360597,134,0.0
1614293361,1.21749,1.2175,0.0,0,1614293361137,134,0.0
1614293361,1.21749,1.21749,0.0,0,1614293361641,4,0.0
1614293363,1.21745,1.21746,0.0,0,1614293363845,134,0.0
1614293364,1.21744,1.21745,0.0,0,1614293364625,134,0.0
1614293366,1.21744,1.21744,0.0,0,1614293366998,4,0.0
1614293367,1.21741,1.21741,0.0,0,1614293367538,134,0.0
1614293368,1.21743,1.21744,0.0,0,1614293368551,134,0.0
1614293369,1.21744,1.21745,0.0,0,1614293369204,134,0.0
1614293373,1.21744,1.21746,0.0,0,1614293373863,4,0.0
1614293374,1.21744,1.21745,0.0,0,1614293374508,4,0.0
1614293375,1.21744,1.21746,0.0,0,1614293375654,4,0.0
1614293376,1.21747,1.2174800000000001,0.0,0,1614293376446,134,0.0
1614293377,1.2174800000000001,1.21749,0.0,0,1614293377675,134,0.0
1614293378,1.2174800000000001,1.2174800000000001,0.0,0,1614293378190,4,0.0
1614293378,1.21745,1.21746,0.0,0,1614293378698,134,0.0
1614293380,1.21745,1.21745,0.0,0,1614293380174,4,0.0
1614293380,1.21744,1.21745,0.0,0,1614293380866,130,0.0
1614293381,1.21744,1.21744,0.0,0,1614293381666,4,0.0
1614293383,1.21743,1.21743,0.0,0,1614293383152,134,0.0
1614293384,1.21743,1.21744,0.0,0,1614293384780,4,0.0
1614293385,1.21745,1.21745,0.0,0,1614293385367,134,0.0
1614293386,1.21745,1.21746,0.0,0,1614293386740,4,0.0
1614293387,1.2174800000000001,1.2174800000000001,0.0,0,1614293387268,134,0.0
1614293387,1.21747,1.2174800000000001,0.0,0,1614293387775,130,0.0
1614293388,1.2174800000000001,1.2174800000000001,0.0,0,1614293388325,130,0.0
1614293388,1.2174800000000001,1.21749,0.0,0,1614293388833,4,0.0
1614293392,1.2174800000000001,1.2174800000000001,0.0,0,1614293392408,4,0.0
1614293392,1.2174800000000001,1.21749,0.0,0,1614293392911,4,0.0
1614293395,1.21752,1.21753,0.0,0,1614293395990,134,0.0
1614293396,1.21749,1.21749,0.0,0,1614293396491,134,0.0
1614293397,1.2174800000000001,1.2174800000000001,0.0,0,1614293397032,134,0.0
1614293397,1.2174800000000001,1.21749,0.0,0,1614293397751,4,0.0
1614293398,1.21747,1.2174800000000001,0.0,0,1614293398953,134,0.0
1614293399,1.2174800000000001,1.21749,0.0,0,1614293399496,134,0.0
1614293400,1.21749,1.21749,0.0,0,1614293400082,130,0.0
1614293400,1.2174800000000001,1.21749,0.0,0,1614293400631,130,0.0
1614293405,1.21749,1.21749,0.0,0,1614293405358,130,0.0
1614293405,1.21747,1.21747,0.0,0,1614293405899,134,0.0
1614293406,1.21746,1.2174800000000001,0.0,0,1614293406402,134,0.0
1614293407,1.21747,1.2174800000000001,0.0,0,1614293407128,130,0.0
1614293407,1.2174800000000001,1.2174800000000001,0.0,0,1614293407708,130,0.0
1614293408,1.21747,1.2174800000000001,0.0,0,1614293408248,130,0.0
1614293408,1.2174800000000001,1.2174800000000001,0.0,0,1614293408771,130,0.0
1614293409,1.2174800000000001,1.21749,0.0,0,1614293409853,4,0.0
1614293410,1.2174800000000001,1.2174800000000001,0.0,0,1614293410378,4,0.0
1614293410,1.21744,1.21744,0.0,0,1614293410887,134,0.0
1614293411,1.21745,1.21745,0.0,0,1614293411959,134,0.0
1614293412,1.21744,1.21744,0.0,0,1614293412461,134,0.0
1614293415,1.21743,1.21744,0.0,0,1614293415629,130,0.0
1614293416,1.21744,1.21744,0.0,0,1614293416130,130,0.0
1614293416,1.21741,1.21741,0.0,0,1614293416633,134,0.0
1614293417,1.2174,1.2174,0.0,0,1614293417636,134,0.0
1614293418,1.21741,1.21741,0.0,0,1614293418291,134,0.0
1614293418,1.21739,1.21739,0.0,0,1614293418857,134,0.0
1614293420,1.21737,1.21737,0.0,0,1614293420104,134,0.0
1614293420,1.21738,1.21738,0.0,0,1614293420636,134,0.0
1614293423,1.21739,1.21739,0.0,0,1614293423642,134,0.0
1614293425,1.21738,1.21738,0.0,0,1614293425255,134,0.0
1614293431,1.21743,1.21743,0.0,0,1614293431333,134,0.0
1614293434,1.21739,1.21739,0.0,0,1614293434661,134,0.0
1614293435,1.21738,1.21738,0.0,0,1614293435903,134,0.0
1614293441,1.21735,1.21735,0.0,0,1614293441476,134,0.0
1614293442,1.21733,1.21733,0.0,0,1614293442709,134,0.0
1614293445,1.21732,1.21732,0.0,0,1614293445394,134,0.0
1614293449,1.21733,1.21733,0.0,0,1614293449443,134,0.0
1614293451,1.21732,1.21732,0.0,0,1614293451110,134,0.0
1614293451,1.21728,1.21728,0.0,0,1614293451622,134,0.0
1614293452,1.21731,1.21731,0.0,0,1614293452874,134,0.0
1614293453,1.21732,1.21732,0.0,0,1614293453383,134,0.0
1614293453,1.21733,1.21733,0.0,0,1614293453985,134,0.0
1614293457,1.21734,1.21734,0.0,0,1614293457719,134,0.0
1614293458,1.21733,1.21733,0.0,0,1614293458255,134,0.0
1614293460,1.21735,1.21735,0.0,0,1614293460677,134,0.0
1614293461,1.21733,1.21733,0.0,0,1614293461183,134,0.0
1614293461,1.21732,1.21732,0.0,0,1614293461685,134,0.0
1614293462,1.21733,1.21733,0.0,0,1614293462364,134,0.0
1614293462,1.21728,1.21728,0.0,0,1614293462867,134,0.0
1614293467,1.21731,1.21731,0.0,0,1614293467134,134,0.0
1614293467,1.21732,1.21732,0.0,0,1614293467775,134,0.0
1614293468,1.21733,1.21733,0.0,0,1614293468986,134,0.0
1614293472,1.21729,1.21729,0.0,0,1614293472003,134,0.0
1614293473,1.21728,1.21728,0.0,0,1614293473553,134,0.0
1614293475,1.21731,1.21731,0.0,0,1614293475420,134,0.0
1614293477,1.21732,1.21732,0.0,0,1614293477388,134,0.0
1614293478,1.21729,1.21729,0.0,0,1614293478517,134,0.0
1614293480,1.21732,1.21732,0.0,0,1614293480126,134,0.0
1614293480,1.2173,1.2173,0.0,0,1614293480644,134,0.0
1614293483,1.21731,1.21731,0.0,0,1614293483762,134,0.0
1614293492,1.21732,1.21732,0.0,0,1614293492488,134,0.0
1614293494,1.21729,1.21729,0.0,0,1614293494633,134,0.0
1614293495,1.21729,1.2173,0.0,0,1614293495167,4,0.0
1614293496,1.21729,1.21729,0.0,0,1614293496592,4,0.0
1614293501,1.21728,1.21728,0.0,0,1614293501192,134,0.0
1614293503,1.21726,1.21727,0.0,0,1614293503908,134,0.0
1614293504,1.21728,1.21728,0.0,0,1614293504522,134,0.0
1614293506,1.21727,1.21727,0.0,0,1614293506882,134,0.0
1614293510,1.21721,1.21721,0.0,0,1614293510445,134,0.0
1614293511,1.21722,1.21722,0.0,0,1614293511024,134,0.0
1614293515,1.21718,1.21719,0.0,0,1614293515447,134,0.0
1614293516,1.21721,1.21721,0.0,0,1614293516391,134,0.0
1614293517,1.21719,1.21719,0.0,0,1614293517497,134,0.0
1614293518,1.21718,1.21718,0.0,0,1614293518040,134,0.0
1614293518,1.21717,1.21717,0.0,0,1614293518560,134,0.0
1614293519,1.21718,1.21718,0.0,0,1614293519772,134,0.0
1614293520,1.21717,1.21717,0.0,0,1614293520526,134,0.0
1614293521,1.21714,1.21714,0.0,0,1614293521215,134,0.0
1614293521,1.21713,1.21713,0.0,0,1614293521725,134,0.0
1614293524,1.21712,1.21712,0.0,0,1614293524463,134,0.0
1614293526,1.21713,1.21713,0.0,0,1614293526712,134,0.0
1614293529,1.21708,1.21709,0.0,0,1614293529893,134,0.0
1614293530,1.21709,1.21709,0.0,0,1614293530393,130,0.0
1614293530,1.21708,1.21709,0.0,0,1614293530946,130,0.0
1614293533,1.21708,1.21708,0.0,0,1614293533166,4,0.0
1614293536,1.21712,1.21712,0.0,0,1614293536542,134,0.0
1614293537,1.2171,1.2171,0.0,0,1614293537048,134,0.0
1614293537,1.21703,1.21703,0.0,0,1614293537551,134,0.0
1614293539,1.21703,1.21704,0.0,0,1614293539697,4,0.0
1614293540,1.21704,1.21704,0.0,0,1614293540343,130,0.0
1614293540,1.21703,1.21703,0.0,0,1614293540882,134,0.0
1614293541,1.21704,1.21704,0.0,0,1614293541985,134,0.0
1614293542,1.21702,1.21702,0.0,0,1614293542590,134,0.0
1614293544,1.21703,1.21703,0.0,0,1614293544358,134,0.0
1614293548,1.21702,1.21702,0.0,0,1614293548282,134,0.0
1614293549,1.21703,1.21704,0.0,0,1614293549007,134,0.0
1614293552,1.21706,1.21706,0.0,0,1614293552760,134,0.0
1614293553,1.21708,1.21708,0.0,0,1614293553270,134,0.0
1614293554,1.21712,1.21714,0.0,0,1614293554092,134,0.0
1614293554,1.21709,1.21709,0.0,0,1614293554594,134,0.0
1614293558,1.21713,1.21713,0.0,0,1614293558985,134,0.0
1614293559,1.21712,1.21713,0.0,0,1614293559511,130,0.0
1614293562,1.21713,1.21713,0.0,0,1614293562148,130,0.0
1614293562,1.21711,1.21712,0.0,0,1614293562729,134,0.0
1614293563,1.21708,1.2171,0.0,0,1614293563896,134,0.0
1614293564,1.21711,1.21712,0.0,0,1614293564922,134,0.0
1614293569,1.21712,1.21713,0.0,0,1614293569234,134,0.0
1614293570,1.21713,1.21713,0.0,0,1614293570057,130,0.0
1614293573,1.21711,1.21712,0.0,0,1614293573905,134,0.0
1614293574,1.21712,1.21712,0.0,0,1614293574443,130,0.0
1614293574,1.21712,1.21713,0.0,0,1614293574975,4,0.0
1614293575,1.21713,1.21713,0.0,0,1614293575491,130,0.0
1614293576,1.21712,1.21713,0.0,0,1614293576557,130,0.0
1614293577,1.21708,1.21709,0.0,0,1614293577919,134,0.0
1614293580,1.21708,1.21709,0.0,0,1614293580324,130,0.0
1614293582,1.21711,1.21712,0.0,0,1614293582105,134,0.0
1614293583,1.21713,1.21713,0.0,0,1614293583133,134,0.0
1614293583,1.21712,1.21713,0.0,0,1614293583638,130,0.0
1614293584,1.21711,1.21712,0.0,0,1614293584160,134,0.0
1614293584,1.21712,1.21713,0.0,0,1614293584679,134,0.0
1614293585,1.21711,1.21711,0.0,0,1614293585185,134,0.0
1614293586,1.21708,1.21709,0.0,0,1614293586224,134,0.0
1614293586,1.21709,1.21709,0.0,0,1614293586746,130,0.0
1614293587,1.21708,1.21709,0.0,0,1614293587330,130,0.0
1614293588,1.21709,1.21709,0.0,0,1614293588372,130,0.0
1614293589,1.2171,1.2171,0.0,0,1614293589685,134,0.0
1614293590,1.2171,1.21711,0.0,0,1614293590186,4,0.0
1614293590,1.21709,1.2171,0.0,0,1614293590765,134,0.0
1614293591,1.2171,1.2171,0.0,0,1614293591409,130,0.0
1614293591,1.2171,1.21711,0.0,0,1614293591946,4,0.0
1614293592,1.21711,1.21711,0.0,0,1614293592471,130,0.0
1614293594,1.21712,1.21712,0.0,0,1614293594146,134,0.0
1614293594,1.21711,1.21712,0.0,0,1614293594650,130,0.0
1614293595,1.21712,1.21712,0.0,0,1614293595323,130,0.0
1614293595,1.21711,1.21713,0.0,0,1614293595823,134,0.0
1614293597,1.21711,1.21711,0.0,0,1614293597722,4,0.0
1614293598,1.21708,1.2171,0.0,0,1614293598275,134,0.0
1614293598,1.21711,1.21712,0.0,0,1614293598983,134,0.0
1614293600,1.21711,1.21711,0.0,0,1614293600055,4,0.0
1614293600,1.21711,1.21712,0.0,0,1614293600820,4,0.0
1614293602,1.21712,1.21713,0.0,0,1614293602137,134,0.0
1614293602,1.21709,1.21709,0.0,0,1614293602914,134,0.0
1614293603,1.2171,1.2171,0.0,0,1614293603496,134,0.0
1614293604,1.21708,1.21709,0.0,0,1614293604586,134,0.0
1614293605,1.21711,1.21712,0.0,0,1614293605411,134,0.0
1614293606,1.21712,1.21712,0.0,0,1614293606719,130,0.0
1614293607,1.21709,1.21709,0.0,0,1614293607296,134,0.0
1614293610,1.21708,1.21709,0.0,0,1614293610711,130,0.0
1614293611,1.21708,1.21708,0.0,0,1614293611228,4,0.0
1614293615,1.21703,1.21703,0.0,0,1614293615717,134,0.0
1614293616,1.21701,1.21701,0.0,0,1614293616825,134,0.0
1614293617,1.217,1.21701,0.0,0,1614293617349,130,0.0
1614293619,1.21698,1.21698,0.0,0,1614293619808,134,0.0
1614293620,1.21696,1.2169699999999999,0.0,0,1614293620914,134,0.0
1614293621,1.21698,1.21699,0.0,0,1614293621577,134,0.0
1614293626,1.21693,1.21694,0.0,0,1614293626174,134,0.0
1614293635,1.21691,1.21692,0.0,0,1614293635824,134,0.0
1614293637,1.21695,1.21695,0.0,0,1614293637586,134,0.0
1614293638,1.21694,1.21694,0.0,0,1614293638183,134,0.0
1614293639,1.21694,1.21695,0.0,0,1614293639251,4,0.0
1614293640,1.2169699999999999,1.2169699999999999,0.0,0,1614293640262,134,0.0
1614293640,1.2169699999999999,1.21698,0.0,0,1614293640797,4,0.0
1614293641,1.21703,1.21703,0.0,0,1614293641353,134,0.0
1614293644,1.21703,1.21704,0.0,0,1614293644335,4,0.0
1614293645,1.21704,1.21704,0.0,0,1614293645397,130,0.0
1614293646,1.21705,1.21705,0.0,0,1614293646722,134,0.0
1614293647,1.21704,1.21704,0.0,0,1614293647226,134,0.0
1614293660,1.21703,1.21703,0.0,0,1614293660521,134,0.0
1614293661,1.21703,1.21704,0.0,0,1614293661023,4,0.0
1614293661,1.21699,1.217,0.0,0,1614293661562,134,0.0
1614293662,1.21691,1.21692,0.0,0,1614293662125,134,0.0
1614293662,1.21693,1.21693,0.0,0,1614293662626,134,0.0
1614293663,1.21698,1.21698,0.0,0,1614293663216,134,0.0
1614293663,1.2169699999999999,1.21698,0.0,0,1614293663761,130,0.0
1614293664,1.21696,1.21696,0.0,0,1614293664274,134,0.0
1614293664,1.21693,1.21693,0.0,0,1614293664777,134,0.0
1614293665,1.21695,1.21695,0.0,0,1614293665322,134,0.0
1614293665,1.21698,1.21698,0.0,0,1614293665850,134,0.0
1614293666,1.21699,1.217,0.0,0,1614293666358,134,0.0
1614293666,1.21701,1.21701,0.0,0,1614293666988,134,0.0
1614293667,1.21702,1.21702,0.0,0,1614293667517,134,0.0
1614293668,1.21703,1.21703,0.0,0,1614293668743,134,0.0
1614293669,1.21703,1.21704,0.0,0,1614293669280,4,0.0
1614293671,1.21705,1.21705,0.0,0,1614293671002,134,0.0
1614293671,1.21703,1.21704,0.0,0,1614293671507,134,0.0
1614293672,1.21703,1.21703,0.0,0,1614293672688,4,0.0
1614293673,1.21704,1.21705,0.0,0,1614293673190,134,0.0
1614293673,1.21703,1.21704,0.0,0,1614293673694,134,0.0
1614293675,1.21702,1.21704,0.0,0,1614293675599,130,0.0
1614293676,1.21703,1.21704,0.0,0,1614293676842,130,0.0
1614293681,1.21704,1.21704,0.0,0,1614293681197,130,0.0
1614293681,1.21707,1.21708,0.0,0,1614293681762,134,0.0
1614293683,1.21708,1.21709,0.0,0,1614293683043,134,0.0
1614293684,1.21709,1.2171,0.0,0,1614293684112,134,0.0
1614293685,1.21711,1.21711,0.0,0,1614293685168,134,0.0
1614293685,1.2171,1.21712,0.0,0,1614293685676,134,0.0
1614293686,1.21711,1.21712,0.0,0,1614293686811,130,0.0
1614293687,1.21712,1.21712,0.0,0,1614293687360,130,0.0
1614293687,1.21712,1.21713,0.0,0,1614293687932,4,0.0
1614293688,1.21713,1.21713,0.0,0,1614293688459,130,0.0
1614293690,1.21709,1.21709,0.0,0,1614293690470,134,0.0
1614293690,1.21705,1.21705,0.0,0,1614293690970,134,0.0
1614293691,1.21708,1.21708,0.0,0,1614293691474,134,0.0
1614293691,1.21707,1.21708,0.0,0,1614293691980,130,0.0
1614293692,1.21702,1.21704,0.0,0,1614293692608,134,0.0
1614293693,1.21702,1.21703,0.0,0,1614293693969,4,0.0
1614293695,1.21701,1.21702,0.0,0,1614293695512,134,0.0
1614293696,1.21701,1.21701,0.0,0,1614293696017,4,0.0
1614293696,1.21703,1.21703,0.0,0,1614293696532,134,0.0
1614293697,1.21702,1.21703,0.0,0,1614293697212,130,0.0
1614293698,1.21702,1.21702,0.0,0,1614293698256,4,0.0
1614293698,1.21701,1.21701,0.0,0,1614293698791,134,0.0
1614293699,1.21699,1.21699,0.0,0,1614293699412,134,0.0
1614293700,1.21699,1.21699,0.0,0,1614293700058,130,0.0
1614293700,1.2169699999999999,1.21698,0.0,0,1614293700580,134,0.0
1614293701,1.21692,1.21693,0.0,0,1614293701680,134,0.0
1614293702,1.21688,1.21689,0.0,0,1614293702685,134,0.0
1614293703,1.21689,1.21689,0.0,0,1614293703249,130,0.0
1614293703,1.21688,1.21689,0.0,0,1614293703757,130,0.0
1614293704,1.2168700000000001,1.2168700000000001,0.0,0,1614293704278,134,0.0
1614293704,1.21682,1.21682,0.0,0,1614293704788,134,0.0
1614293705,1.21684,1.21684,0.0,0,1614293705312,134,0.0
1614293705,1.21683,1.21684,0.0,0,1614293705828,130,0.0
1614293707,1.21682,1.21683,0.0,0,1614293707073,134,0.0
1614293707,1.21689,1.21689,0.0,0,1614293707581,134,0.0
1614293708,1.2168700000000001,1.2168700000000001,0.0,0,1614293708087,134,0.0
1614293708,1.21688,1.21689,0.0,0,1614293708591,134,0.0
1614293709,1.2168700000000001,1.21688,0.0,0,1614293709638,134,0.0
1614293711,1.21688,1.21689,0.0,0,1614293711301,134,0.0
1614293711,1.2168700000000001,1.21689,0.0,0,1614293711836,130,0.0
1614293712,1.21684,1.21684,0.0,0,1614293712445,134,0.0
1614293714,1.21682,1.21683,0.0,0,1614293714441,134,0.0
1614293716,1.21683,1.21684,0.0,0,1614293716425,134,0.0
1614293716,1.21682,1.21683,0.0,0,1614293716940,134,0.0
1614293717,1.21681,1.21681,0.0,0,1614293717445,134,0.0
1614293717,1.21682,1.21682,0.0,0,1614293717945,134,0.0
1614293718,1.21678,1.21679,0.0,0,1614293718472,134,0.0
1614293719,1.21679,1.21679,0.0,0,1614293719012,130,0.0
1614293721,1.21673,1.21674,0.0,0,1614293721887,134,0.0
1614293724,1.21677,1.21677,0.0,0,1614293724182,134,0.0
1614293724,1.21678,1.21679,0.0,0,1614293724705,134,0.0
1614293727,1.21677,1.21677,0.0,0,1614293727100,134,0.0
1614293727,1.21672,1.21673,0.0,0,1614293727614,134,0.0
1614293728,1.21672,1.21672,0.0,0,1614293728120,4,0.0
1614293729,1.21669,1.21669,0.0,0,1614293729246,134,0.0
1614293729,1.21668,1.21668,0.0,0,1614293729746,134,0.0
1614293730,1.21669,1.2167,0.0,0,1614293730532,134,0.0
1614293731,1.21671,1.21671,0.0,0,1614293731123,134,0.0
1614293731,1.21671,1.21672,0.0,0,1614293731630,4,0.0
1614293733,1.21673,1.21673,0.0,0,1614293733963,134,0.0
1614293734,1.21677,1.21678,0.0,0,1614293734635,134,0.0
1614293735,1.21678,1.21679,0.0,0,1614293735142,134,0.0
1614293735,1.21675,1.21675,0.0,0,1614293735704,134,0.0
1614293736,1.21674,1.21674,0.0,0,1614293736220,134,0.0
1614293736,1.21674,1.21675,0.0,0,1614293736737,4,0.0
1614293737,1.21674,1.21674,0.0,0,1614293737499,4,0.0
1614293739,1.21674,1.21675,0.0,0,1614293739415,4,0.0
1614293740,1.21674,1.21674,0.0,0,1614293740169,4,0.0
1614293740,1.21673,1.21674,0.0,0,1614293740682,130,0.0
1614293743,1.21672,1.21673,0.0,0,1614293743032,134,0.0
1614293743,1.21673,1.21674,0.0,0,1614293743598,134,0.0
1614293746,1.21674,1.21674,0.0,0,1614293746111,130,0.0
1614293746,1.21676,1.21677,0.0,0,1614293746630,134,0.0
1614293747,1.21674,1.21674,0.0,0,1614293747135,134,0.0
1614293748,1.21674,1.21675,0.0,0,1614293748884,4,0.0
1614293750,1.21673,1.21675,0.0,0,1614293750481,130,0.0
1614293751,1.21674,1.21675,0.0,0,1614293751443,130,0.0
1614293752,1.21674,1.21674,0.0,0,1614293752593,4,0.0
1614293756,1.21676,1.21677,0.0,0,1614293756962,134,0.0
1614293757,1.21674,1.21675,0.0,0,1614293757478,134,0.0
1614293758,1.21678,1.21678,0.0,0,1614293758011,134,0.0
1614293758,1.21678,1.21679,0.0,0,1614293758515,4,0.0
1614293759,1.21678,1.2168,0.0,0,1614293759017,4,0.0
1614293759,1.21683,1.21683,0.0,0,1614293759664,134,0.0
1614293760,1.21682,1.21683,0.0,0,1614293760195,130,0.0
1614293760,1.21681,1.21681,0.0,0,1614293760718,134,0.0
1614293761,1.21679,1.2168,0.0,0,1614293761218,134,0.0
1614293762,1.21681,1.21682,0.0,0,1614293762343,134,0.0
1614293762,1.21682,1.21683,0.0,0,1614293762847,134,0.0
1614293764,1.21682,1.21682,0.0,0,1614293764508,4,0.0
1614293765,1.21681,1.21682,0.0,0,1614293765128,130,0.0
1614293765,1.2168,1.2168,0.0,0,1614293765759,134,0.0
1614293766,1.21679,1.2168,0.0,0,1614293766293,130,0.0
1614293766,1.21679,1.21679,0.0,0,1614293766799,4,0.0
1614293767,1.21678,1.21679,0.0,0,1614293767418,130,0.0
1614293769,1.21678,1.2168,0.0,0,1614293769393,4,0.0
1614293770,1.21673,1.21674,0.0,0,1614293770038,134,0.0
1614293773,1.21674,1.21674,0.0,0,1614293773487,130,0.0
1614293774,1.21673,1.21674,0.0,0,1614293774026,130,0.0
1614293775,1.21674,1.21674,0.0,0,1614293775257,130,0.0
1614293775,1.21675,1.21675,0.0,0,1614293775894,134,0.0
1614293776,1.21674,1.21675,0.0,0,1614293776409,130,0.0
1614293776,1.21677,1.21677,0.0,0,1614293776966,134,0.0
1614293778,1.21677,1.21678,0.0,0,1614293778561,4,0.0
1614293779,1.21678,1.21678,0.0,0,1614293779724,130,0.0
1614293785,1.21673,1.21673,0.0,0,1614293785491,134,0.0
1614293785,1.21671,1.21671,0.0,0,1614293785991,134,0.0
1614293787,1.21669,1.21669,0.0,0,1614293787037,134,0.0
1614293789,1.21668,1.21669,0.0,0,1614293789206,130,0.0
1614293790,1.21669,1.21669,0.0,0,1614293790537,130,0.0
1614293791,1.21672,1.21672,0.0,0,1614293791094,134,0.0
1614293792,1.21669,1.21669,0.0,0,1614293792116,134,0.0
1614293795,1.21664,1.21665,0.0,0,1614293795773,134,0.0
1614293801,1.21664,1.21664,0.0,0,1614293801751,4,0.0
1614293802,1.21664,1.21665,0.0,0,1614293802439,4,0.0
1614293803,1.21664,1.21664,0.0,0,1614293803463,4,0.0
1614293804,1.21664,1.21665,0.0,0,1614293804518,4,0.0
1614293805,1.21664,1.21664,0.0,0,1614293805796,4,0.0
1614293807,1.21664,1.21665,0.0,0,1614293807382,4,0.0
1614293807,1.21664,1.21664,0.0,0,1614293807961,4,0.0
1614293809,1.21664,1.21665,0.0,0,1614293809629,4,0.0
1614293810,1.21668,1.21668,0.0,0,1614293810968,134,0.0
1614293811,1.2167,1.2167,0.0,0,1614293811483,134,0.0
1614293811,1.21672,1.21673,0.0,0,1614293811987,134,0.0
1614293812,1.21672,1.21674,0.0,0,1614293812486,4,0.0
1614293814,1.2167,1.2167,0.0,0,1614293814581,134,0.0
1614293820,1.2167,1.2167,0.0,0,1614293820221,130,0.0
1614293820,1.21669,1.2167,0.0,0,1614293820732,130,0.0
1614293823,1.21668,1.21669,0.0,0,1614293823596,134,0.0
1614293826,1.21669,1.2167,0.0,0,1614293826075,134,0.0
1614293828,1.21671,1.21671,0.0,0,1614293828638,134,0.0
1614293829,1.21669,1.21669,0.0,0,1614293829136,134,0.0
1614293832,1.21668,1.21669,0.0,0,1614293832767,130,0.0
1614293833,1.21668,1.21668,0.0,0,1614293833291,4,0.0
1614293834,1.21668,1.21669,0.0,0,1614293834036,4,0.0
1614293836,1.21664,1.21664,0.0,0,1614293836006,134,0.0
1614293839,1.21666,1.21666,0.0,0,1614293839551,134,0.0
1614293840,1.21667,1.21669,0.0,0,1614293840052,134,0.0
1614293840,1.21668,1.21669,0.0,0,1614293840586,130,0.0
1614293844,1.21669,1.21669,0.0,0,1614293844604,130,0.0
1614293850,1.21669,1.2167,0.0,0,1614293850585,4,0.0
1614293858,1.21669,1.21669,0.0,0,1614293858880,4,0.0
1614293864,1.21668,1.21669,0.0,0,1614293864905,130,0.0
1614293865,1.21668,1.21668,0.0,0,1614293865500,4,0.0
1614293866,1.21669,1.21669,0.0,0,1614293866012,134,0.0
1614293867,1.21668,1.21669,0.0,0,1614293867746,130,0.0
1614293868,1.21664,1.21664,0.0,0,1614293868287,134,0.0
1614293868,1.2166299999999999,1.21664,0.0,0,1614293868809,130,0.0
1614293870,1.21665,1.21665,0.0,0,1614293870185,134,0.0
1614293870,1.21664,1.21664,0.0,0,1614293870730,134,0.0
1614293871,1.21664,1.21665,0.0,0,1614293871259,4,0.0
1614293873,1.21664,1.21664,0.0,0,1614293873528,4,0.0
1614293875,1.21664,1.21665,0.0,0,1614293875226,4,0.0
1614293875,1.21664,1.21664,0.0,0,1614293875905,4,0.0
1614293880,1.2166299999999999,1.2166299999999999,0.0,0,1614293880079,134,0.0
1614293880,1.21662,1.2166299999999999,0.0,0,1614293880580,130,0.0
1614293881,1.21659,1.21659,0.0,0,1614293881086,134,0.0
1614293881,1.21658,1.21658,0.0,0,1614293881607,134,0.0
1614293883,1.2165300000000001,1.2165300000000001,0.0,0,1614293883175,134,0.0
1614293884,1.21651,1.21651,0.0,0,1614293884192,134,0.0
1614293884,1.21648,1.21648,0.0,0,1614293884707,134,0.0
1614293885,1.21646,1.21646,0.0,0,1614293885249,134,0.0
1614293885,1.21643,1.21644,0.0,0,1614293885806,134,0.0
1614293886,1.21644,1.21645,0.0,0,1614293886320,134,0.0
1614293886,1.21643,1.21644,0.0,0,1614293886819,134,0.0
1614293887,1.21643,1.21645,0.0,0,1614293887337,4,0.0
1614293887,1.21644,1.21644,0.0,0,1614293887841,134,0.0
1614293889,1.21643,1.21644,0.0,0,1614293889931,130,0.0
1614293890,1.21643,1.21643,0.0,0,1614293890974,4,0.0
1614293891,1.21642,1.21643,0.0,0,1614293891528,130,0.0
1614293892,1.21642,1.21642,0.0,0,1614293892099,4,0.0
1614293892,1.21643,1.21643,0.0,0,1614293892660,134,0.0
1614293893,1.21642,1.21643,0.0,0,1614293893417,130,0.0
1614293894,1.21643,1.21644,0.0,0,1614293894607,134,0.0
1614293895,1.21642,1.21643,0.0,0,1614293895139,134,0.0
1614293897,1.21643,1.21643,0.0,0,1614293897145,130,0.0
1614293897,1.21642,1.21643,0.0,0,1614293897657,130,0.0
1614293898,1.21647,1.21647,0.0,0,1614293898993,134,0.0
1614293899,1.21648,1.2165,0.0,0,1614293899545,134,0.0
1614293900,1.21649,1.2165,0.0,0,1614293900112,130,0.0
1614293900,1.2165300000000001,1.2165300000000001,0.0,0,1614293900639,134,0.0
1614293901,1.2165,1.21651,0.0,0,1614293901154,134,0.0
1614293901,1.2165,1.2165,0.0,0,1614293901696,4,0.0
1614293902,1.21649,1.2165,0.0,0,1614293902198,130,0.0
1614293902,1.21651,1.21651,0.0,0,1614293902727,134,0.0
1614293903,1.21652,1.2165300000000001,0.0,0,1614293903235,134,0.0
1614293904,1.2165300000000001,1.21654,0.0,0,1614293904277,134,0.0
1614293905,1.21654,1.21654,0.0,0,1614293905294,130,0.0
1614293908,1.21654,1.21655,0.0,0,1614293908233,4,0.0
1614293909,1.2165300000000001,1.21654,0.0,0,1614293909543,134,0.0
1614293910,1.21654,1.21655,0.0,0,1614293910634,134,0.0
1614293912,1.2165300000000001,1.21655,0.0,0,1614293912235,130,0.0
1614293912,1.21654,1.21655,0.0,0,1614293912744,130,0.0
1614293913,1.2165300000000001,1.21654,0.0,0,1614293913266,134,0.0
1614293914,1.21654,1.21655,0.0,0,1614293914407,134,0.0
1614293915,1.21656,1.21656,0.0,0,1614293915868,134,0.0
1614293916,1.21661,1.21661,0.0,0,1614293916378,134,0.0
1614293917,1.21661,1.21662,0.0,0,1614293917424,4,0.0
1614293917,1.21662,1.21662,0.0,0,1614293917931,130,0.0
1614293918,1.21664,1.21665,0.0,0,1614293918439,134,0.0
1614293918,1.21664,1.21664,0.0,0,1614293918980,4,0.0
1614293919,1.2166299999999999,1.21664,0.0,0,1614293919643,130,0.0
1614293921,1.2166299999999999,1.2166299999999999,0.0,0,1614293921864,4,0.0
1614293922,1.2166299999999999,1.21664,0.0,0,1614293922484,4,0.0
1614293925,1.21662,1.21662,0.0,0,1614293925642,134,0.0
1614293926,1.21661,1.21661,0.0,0,1614293926152,134,0.0
1614293927,1.2166299999999999,1.2166299999999999,0.0,0,1614293927263,134,0.0
1614293927,1.2166299999999999,1.21664,0.0,0,1614293927779,4,0.0
1614293928,1.21661,1.21662,0.0,0,1614293928591,134,0.0
1614293929,1.2166,1.2166,0.0,0,1614293929131,134,0.0
1614293930,1.21662,1.21662,0.0,0,1614293930577,134,0.0
1614293931,1.21662,1.2166299999999999,0.0,0,1614293931100,4,0.0
1614293931,1.2166299999999999,1.21664,0.0,0,1614293931624,134,0.0
1614293932,1.21664,1.21665,0.0,0,1614293932224,134,0.0
1614293937,1.21665,1.21665,0.0,0,1614293937225,130,0.0
1614293937,1.21664,1.21665,0.0,0,1614293937755,130,0.0
1614293940,1.2166299999999999,1.2166299999999999,0.0,0,1614293940639,134,0.0
1614293941,1.21662,1.21662,0.0,0,1614293941143,134,0.0
1614293942,1.21662,1.2166299999999999,0.0,0,1614293942249,4,0.0
1614293942,1.2166299999999999,1.21664,0.0,0,1614293942750,134,0.0
1614293944,1.2166,1.21661,0.0,0,1614293944946,134,0.0
1614293945,1.21661,1.21661,0.0,0,1614293945449,130,0.0
1614293945,1.2166,1.2166,0.0,0,1614293945955,134,0.0
1614293946,1.21656,1.21656,0.0,0,1614293946538,134,0.0
1614293951,1.21655,1.21656,0.0,0,1614293951163,130,0.0
1614293951,1.21655,1.21655,0.0,0,1614293951758,4,0.0
1614293952,1.21654,1.21655,0.0,0,1614293952281,130,0.0
1614293952,1.21655,1.21655,0.0,0,1614293952794,130,0.0
1614293953,1.21656,1.21656,0.0,0,1614293953813,134,0.0
1614293954,1.21658,1.21658,0.0,0,1614293954350,134,0.0
1614293955,1.21657,1.21657,0.0,0,1614293955407,134,0.0
1614293955,1.21658,1.21658,0.0,0,1614293955928,134,0.0
1614293959,1.21655,1.21656,0.0,0,1614293959101,134,0.0
1614293959,1.21654,1.21655,0.0,0,1614293959615,134,0.0
1614293960,1.21655,1.21655,0.0,0,1614293960252,130,0.0
1614293960,1.21654,1.21655,0.0,0,1614293960992,130,0.0
1614293965,1.21657,1.21657,0.0,0,1614293965752,134,0.0
1614293967,1.21658,1.21658,0.0,0,1614293967187,134,0.0
1614293967,1.21654,1.21655,0.0,0,1614293967690,134,0.0
1614293968,1.21654,1.21654,0.0,0,1614293968192,4,0.0
1614293969,1.21654,1.21655,0.0,0,1614293969259,4,0.0
1614293973,1.21654,1.21654,0.0,0,1614293973029,4,0.0
1614293978,1.21654,1.21655,0.0,0,1614293978758,4,0.0
1614293979,1.21655,1.21655,0.0,0,1614293979333,130,0.0
1614293980,1.21654,1.21654,0.0,0,1614293980371,134,0.0
1614293981,1.21655,1.21655,0.0,0,1614293981804,134,0.0
1614293982,1.21654,1.21654,0.0,0,1614293982433,134,0.0
1614293984,1.21655,1.21655,0.0,0,1614293984793,134,0.0
1614293985,1.21654,1.21654,0.0,0,1614293985541,134,0.0
1614293989,1.2165300000000001,1.2165300000000001,0.0,0,1614293989106,134,0.0
1614293992,1.21651,1.21651,0.0,0,1614293992069,134,0.0
1614293992,1.21642,1.21642,0.0,0,1614293992595,134,0.0
1614293993,1.2164,1.2164,0.0,0,1614293993105,134,0.0
1614293994,1.21639,1.21639,0.0,0,1614293994129,134,0.0
1614293994,1.21638,1.21638,0.0,0,1614293994643,134,0.0
1614293995,1.21635,1.21635,0.0,0,1614293995162,134,0.0
1614293995,1.21633,1.21634,0.0,0,1614293995661,134,0.0
1614293996,1.21634,1.21634,0.0,0,1614293996232,130,0.0
1614293996,1.21633,1.21633,0.0,0,1614293996809,134,0.0
1614293998,1.21631,1.21631,0.0,0,1614293998630,134,0.0
1614293999,1.21631,1.21632,0.0,0,1614293999133,4,0.0
1614293999,1.21631,1.21631,0.0,0,1614293999642,4,0.0
1614294000,1.21631,1.21631,0.0,0,1614294000145,130,0.0
1614294000,1.2163,1.2163,0.0,0,1614294000654,134,0.0
1614294001,1.21632,1.21632,0.0,0,1614294001173,134,0.0
1614294001,1.21633,1.21633,0.0,0,1614294001671,134,0.0
1614294002,1.2163599999999999,1.2163599999999999,0.0,0,1614294002697,134,0.0
1614294003,1.21642,1.21643,0.0,0,1614294003201,134,0.0
1614294003,1.21643,1.21643,0.0,0,1614294003763,130,0.0
1614294004,1.21645,1.21645,0.0,0,1614294004265,134,0.0
1614294004,1.21646,1.21646,0.0,0,1614294004767,134,0.0
1614294005,1.21652,1.21652,0.0,0,1614294005786,134,0.0
1614294006,1.2165300000000001,1.2165300000000001,0.0,0,1614294006289,134,0.0
1614294006,1.21651,1.21651,0.0,0,1614294006806,134,0.0
1614294007,1.2165,1.2165,0.0,0,1614294007318,134,0.0
1614294008,1.21649,1.21649,0.0,0,1614294008439,134,0.0
1614294008,1.2165,1.2165,0.0,0,1614294008942,134,0.0
1614294009,1.21649,1.21649,0.0,0,1614294009580,134,0.0
1614294010,1.2165,1.2165,0.0,0,1614294010646,134,0.0
1614294011,1.21652,1.21652,0.0,0,1614294011153,134,0.0
1614294011,1.21647,1.21647,0.0,0,1614294011675,134,0.0
1614294012,1.21646,1.21646,0.0,0,1614294012180,134,0.0
1614294012,1.21645,1.21645,0.0,0,1614294012684,134,0.0
1614294013,1.21644,1.21644,0.0,0,1614294013186,134,0.0
1614294014,1.21648,1.21648,0.0,0,1614294014980,134,0.0
1614294015,1.21649,1.21649,0.0,0,1614294015484,134,0.0
1614294016,1.21651,1.21651,0.0,0,1614294016515,134,0.0
1614294017,1.2165,1.2165,0.0,0,1614294017634,134,0.0
1614294018,1.21649,1.21649,0.0,0,1614294018174,134,0.0
1614294019,1.21648,1.21648,0.0,0,1614294019213,134,0.0
1614294019,1.21647,1.21647,0.0,0,1614294019720,134,0.0
1614294020,1.21648,1.21648,0.0,0,1614294020251,134,0.0
1614294020,1.21649,1.21649,0.0,0,1614294020770,134,0.0
1614294021,1.21652,1.21652,0.0,0,1614294021322,134,0.0
1614294021,1.2165300000000001,1.2165300000000001,0.0,0,1614294021827,134,0.0
1614294022,1.21654,1.21654,0.0,0,1614294022403,134,0.0
1614294022,1.2165300000000001,1.2165300000000001,0.0,0,1614294022938,134,0.0
1614294024,1.21652,1.21652,0.0,0,1614294024032,134,0.0
1614294024,1.2165300000000001,1.2165300000000001,0.0,0,1614294024539,134,0.0
1614294025,1.21654,1.21654,0.0,0,1614294025044,134,0.0
1614294025,1.21655,1.21655,0.0,0,1614294025578,134,0.0
1614294026,1.21654,1.21654,0.0,0,1614294026144,134,0.0
1614294026,1.21655,1.21655,0.0,0,1614294026652,134,0.0
1614294027,1.21658,1.21659,0.0,0,1614294027194,134,0.0
1614294027,1.21659,1.2166,0.0,0,1614294027719,134,0.0
1614294028,1.21659,1.21659,0.0,0,1614294028329,4,0.0
1614294028,1.21661,1.21661,0.0,0,1614294028870,134,0.0
1614294029,1.21664,1.21664,0.0,0,1614294029503,134,0.0
1614294030,1.21664,1.21665,0.0,0,1614294030756,4,0.0
1614294032,1.2166299999999999,1.21664,0.0,0,1614294032341,134,0.0
1614294033,1.21664,1.21664,0.0,0,1614294033071,130,0.0
1614294033,1.21664,1.21665,0.0,0,1614294033636,4,0.0
1614294036,1.2166299999999999,1.2166299999999999,0.0,0,1614294036312,134,0.0
1614294037,1.21664,1.21665,0.0,0,1614294037341,134,0.0
1614294041,1.21664,1.21664,0.0,0,1614294041302,4,0.0
1614294043,1.21665,1.21665,0.0,0,1614294043443,134,0.0
1614294044,1.21664,1.21665,0.0,0,1614294044030,130,0.0
1614294044,1.21665,1.21665,0.0,0,1614294044666,130,0.0
1614294045,1.21664,1.21665,0.0,0,1614294045218,130,0.0
1614294045,1.21665,1.21665,0.0,0,1614294045938,130,0.0
1614294048,1.21664,1.21665,0.0,0,1614294048179,130,0.0
1614294050,1.2166299999999999,1.21664,0.0,0,1614294050614,134,0.0
1614294051,1.2166299999999999,1.2166299999999999,0.0,0,1614294051120,4,0.0
1614294052,1.21662,1.21662,0.0,0,1614294052228,134,0.0
1614294052,1.2166299999999999,1.2166299999999999,0.0,0,1614294052747,134,0.0
1614294053,1.21664,1.21664,0.0,0,1614294053836,134,0.0
1614294054,1.2166299999999999,1.21664,0.0,0,1614294054526,130,0.0
1614294055,1.2166299999999999,1.2166299999999999,0.0,0,1614294055641,4,0.0
1614294056,1.21661,1.21661,0.0,0,1614294056174,134,0.0
1614294057,1.21662,1.21662,0.0,0,1614294057203,134,0.0
1614294059,1.2166,1.2166,0.0,0,1614294059067,134,0.0
1614294059,1.21662,1.2166299999999999,0.0,0,1614294059582,134,0.0
1614294060,1.21662,1.21662,0.0,0,1614294060165,134,0.0
1614294063,1.21662,1.2166299999999999,0.0,0,1614294063685,4,0.0
1614294064,1.2166299999999999,1.2166299999999999,0.0,0,1614294064255,130,0.0
1614294064,1.21662,1.21662,0.0,0,1614294064775,134,0.0
1614294065,1.21664,1.21664,0.0,0,1614294065278,134,0.0
1614294065,1.2166299999999999,1.2166299999999999,0.0,0,1614294065854,134,0.0
1614294068,1.21662,1.21662,0.0,0,1614294068078,134,0.0
1614294071,1.21664,1.21664,0.0,0,1614294071317,134,0.0
1614294071,1.21662,1.21662,0.0,0,1614294071819,134,0.0
1614294073,1.2166299999999999,1.21664,0.0,0,1614294073061,134,0.0
1614294073,1.21664,1.21664,0.0,0,1614294073568,130,0.0
1614294074,1.2166,1.2166,0.0,0,1614294074498,134,0.0
1614294075,1.21659,1.2166,0.0,0,1614294075171,130,0.0
1614294076,1.21659,1.21659,0.0,0,1614294076262,4,0.0
1614294076,1.21657,1.21657,0.0,0,1614294076795,134,0.0
1614294077,1.21659,1.2166,0.0,0,1614294077513,134,0.0
1614294078,1.2166,1.2166,0.0,0,1614294078059,130,0.0
1614294079,1.21659,1.21659,0.0,0,1614294079705,134,0.0
1614294080,1.2166,1.2166,0.0,0,1614294080208,134,0.0
1614294081,1.21659,1.21659,0.0,0,1614294081439,134,0.0
1614294082,1.2166,1.2166,0.0,0,1614294082627,134,0.0
1614294083,1.21659,1.21659,0.0,0,1614294083875,134,0.0
1614294088,1.21659,1.2166,0.0,0,1614294088217,4,0.0
1614294089,1.21659,1.21659,0.0,0,1614294089265,4,0.0
1614294089,1.2166,1.2166,0.0,0,1614294089870,134,0.0
1614294090,1.21659,1.21659,0.0,0,1614294090936,134,0.0
1614294097,1.2166299999999999,1.2166299999999999,0.0,0,1614294097940,134,0.0
1614294098,1.21664,1.21664,0.0,0,1614294098485,134,0.0
1614294099,1.21665,1.21665,0.0,0,1614294099299,134,0.0
1614294099,1.21664,1.21664,0.0,0,1614294099858,134,0.0
1614294100,1.21665,1.21665,0.0,0,1614294100953,134,0.0
1614294101,1.21668,1.21669,0.0,0,1614294101481,134,0.0
1614294102,1.21673,1.21673,0.0,0,1614294102013,134,0.0
1614294102,1.21672,1.21673,0.0,0,1614294102539,130,0.0
1614294103,1.21677,1.21677,0.0,0,1614294103042,134,0.0
1614294108,1.21678,1.21678,0.0,0,1614294108774,134,0.0
1614294110,1.21675,1.21675,0.0,0,1614294110167,134,0.0
1614294110,1.21677,1.21677,0.0,0,1614294110669,134,0.0
1614294111,1.21678,1.21678,0.0,0,1614294111227,134,0.0
1614294112,1.21681,1.21681,0.0,0,1614294112271,134,0.0
1614294112,1.2168,1.2168,0.0,0,1614294112768,134,0.0
1614294113,1.21677,1.21677,0.0,0,1614294113271,134,0.0
1614294113,1.21678,1.21678,0.0,0,1614294113792,134,0.0
1614294114,1.21679,1.21679,0.0,0,1614294114343,134,0.0
1614294117,1.21678,1.21678,0.0,0,1614294117052,134,0.0
1614294117,1.21678,1.2168,0.0,0,1614294117642,4,0.0
1614294118,1.2168,1.2168,0.0,0,1614294118376,130,0.0
1614294119,1.21679,1.2168,0.0,0,1614294119455,130,0.0
1614294119,1.21678,1.21678,0.0,0,1614294119989,134,0.0
1614294120,1.21678,1.21679,0.0,0,1614294120493,134,0.0
1614294121,1.21678,1.21678,0.0,0,1614294121638,4,0.0
1614294123,1.21678,1.21679,0.0,0,1614294123956,4,0.0
1614294124,1.21675,1.21675,0.0,0,1614294124465,134,0.0
1614294125,1.21674,1.21674,0.0,0,1614294125023,134,0.0
1614294125,1.21673,1.21673,0.0,0,1614294125567,134,0.0
1614294126,1.21674,1.21674,0.0,0,1614294126100,134,0.0
1614294126,1.21673,1.21673,0.0,0,1614294126825,134,0.0
1614294129,1.2167,1.2167,0.0,0,1614294129695,134,0.0
1614294130,1.21671,1.21671,0.0,0,1614294130220,134,0.0
1614294130,1.2167,1.2167,0.0,0,1614294130727,134,0.0
1614294132,1.21668,1.21668,0.0,0,1614294132439,134,0.0
1614294137,1.21667,1.21667,0.0,0,1614294137871,134,0.0
1614294139,1.21665,1.21665,0.0,0,1614294139615,134,0.0
1614294140,1.21668,1.21668,0.0,0,1614294140758,134,0.0
1614294143,1.21668,1.21669,0.0,0,1614294143612,4,0.0
1614294144,1.21669,1.21669,0.0,0,1614294144303,130,0.0
1614294145,1.21671,1.21671,0.0,0,1614294145652,134,0.0
1614294155,1.21672,1.21672,0.0,0,1614294155169,134,0.0
1614294155,1.21673,1.21674,0.0,0,1614294155701,134,0.0
1614294156,1.21673,1.21673,0.0,0,1614294156796,4,0.0
1614294157,1.21673,1.21674,0.0,0,1614294157320,4,0.0
1614294160,1.21674,1.21674,0.0,0,1614294160923,130,0.0
1614294163,1.21673,1.21674,0.0,0,1614294163115,130,0.0
1614294163,1.21674,1.21674,0.0,0,1614294163789,130,0.0
1614294164,1.21675,1.21675,0.0,0,1614294164598,134,0.0
1614294165,1.21673,1.21674,0.0,0,1614294165726,134,0.0
1614294169,1.21674,1.21674,0.0,0,1614294169991,130,0.0
1614294172,1.21673,1.21674,0.0,0,1614294172034,130,0.0
1614294173,1.21674,1.21674,0.0,0,1614294173676,130,0.0
1614294179,1.21676,1.21676,0.0,0,1614294179648,134,0.0
1614294180,1.21675,1.21675,0.0,0,1614294180320,134,0.0
1614294180,1.21679,1.21679,0.0,0,1614294180957,134,0.0
1614294182,1.21679,1.2168,0.0,0,1614294182060,4,0.0
1614294184,1.21676,1.21676,0.0,0,1614294184874,134,0.0
1614294187,1.21677,1.21677,0.0,0,1614294187808,134,0.0
1614294188,1.21678,1.21679,0.0,0,1614294188329,134,0.0
1614294189,1.21679,1.21679,0.0,0,1614294189549,130,0.0
1614294190,1.2168,1.2168,0.0,0,1614294190734,134,0.0
1614294191,1.21679,1.21679,0.0,0,1614294191600,134,0.0
1614294192,1.2168,1.2168,0.0,0,1614294192763,134,0.0
1614294196,1.21678,1.21679,0.0,0,1614294196037,134,0.0
1614294196,1.2168,1.2168,0.0,0,1614294196531,134,0.0
1614294199,1.21679,1.2168,0.0,0,1614294199785,130,0.0
1614294200,1.21676,1.21676,0.0,0,1614294200741,134,0.0
1614294201,1.21678,1.21679,0.0,0,1614294201573,134,0.0
1614294202,1.21679,1.2168,0.0,0,1614294202935,134,0.0
1614294204,1.21678,1.2168,0.0,0,1614294204309,130,0.0
1614294205,1.21679,1.2168,0.0,0,1614294205637,130,0.0
1614294206,1.2168,1.2168,0.0,0,1614294206256,130,0.0
1614294206,1.21679,1.2168,0.0,0,1614294206901,130,0.0
1614294210,1.2168,1.2168,0.0,0,1614294210634,130,0.0
1614294211,1.21679,1.2168,0.0,0,1614294211820,130,0.0
1614294214,1.21679,1.21679,0.0,0,1614294214664,4,0.0
1614294215,1.21679,1.2168,0.0,0,1614294215975,4,0.0
1614294217,1.2168,1.2168,0.0,0,1614294217695,130,0.0
1614294224,1.21674,1.21674,0.0,0,1614294224709,134,0.0
1614294225,1.2167,1.2167,0.0,0,1614294225212,134,0.0
1614294227,1.21664,1.21664,0.0,0,1614294227426,134,0.0
1614294227,1.21664,1.21665,0.0,0,1614294227927,4,0.0
1614294228,1.21664,1.21664,0.0,0,1614294228556,4,0.0
1614294238,1.21665,1.21665,0.0,0,1614294238956,134,0.0
1614294240,1.21665,1.21665,0.0,0,1614294240019,130,0.0
1614294240,1.2167,1.2167,0.0,0,1614294240515,134,0.0
1614294241,1.21669,1.2167,0.0,0,1614294241651,130,0.0
1614294242,1.21669,1.21669,0.0,0,1614294242162,4,0.0
1614294242,1.21669,1.2167,0.0,0,1614294242699,4,0.0
1614294243,1.21669,1.21669,0.0,0,1614294243743,4,0.0
1614294247,1.21666,1.21666,0.0,0,1614294247412,134,0.0
1614294248,1.21667,1.21667,0.0,0,1614294248633,134,0.0
1614294249,1.21666,1.21666,0.0,0,1614294249149,134,0.0
1614294250,1.21669,1.21669,0.0,0,1614294250410,134,0.0
1614294251,1.21669,1.2167,0.0,0,1614294251264,4,0.0
1614294252,1.2167,1.2167,0.0,0,1614294252269,130,0.0
1614294252,1.21669,1.21669,0.0,0,1614294252789,134,0.0
1614294253,1.21674,1.21674,0.0,0,1614294253865,134,0.0
1614294257,1.21675,1.21675,0.0,0,1614294257201,134,0.0
1614294258,1.21677,1.21677,0.0,0,1614294258449,134,0.0
1614294258,1.21678,1.21678,0.0,0,1614294258957,134,0.0
1614294260,1.21679,1.21679,0.0,0,1614294260421,134,0.0
1614294262,1.2167,1.2167,0.0,0,1614294262482,134,0.0
1614294262,1.21669,1.21669,0.0,0,1614294262997,134,0.0
1614294263,1.2167,1.2167,0.0,0,1614294263497,134,0.0
1614294265,1.21669,1.21669,0.0,0,1614294265928,134,0.0
1614294267,1.21669,1.2167,0.0,0,1614294267109,4,0.0
1614294267,1.21669,1.21669,0.0,0,1614294267631,4,0.0
1614294268,1.21669,1.2167,0.0,0,1614294268172,4,0.0
1614294268,1.21669,1.21669,0.0,0,1614294268688,4,0.0
1614294269,1.2167,1.2167,0.0,0,1614294269208,134,0.0
1614294270,1.21672,1.21672,0.0,0,1614294270266,134,0.0
1614294270,1.21673,1.21673,0.0,0,1614294270774,134,0.0
1614294272,1.2167,1.2167,0.0,0,1614294272696,134,0.0
1614294274,1.21672,1.21672,0.0,0,1614294274027,134,0.0
1614294277,1.21674,1.21674,0.0,0,1614294277417,134,0.0
1614294279,1.21673,1.21673,0.0,0,1614294279866,134,0.0
1614294282,1.2167,1.2167,0.0,0,1614294282782,134,0.0
1614294283,1.21675,1.21675,0.0,0,1614294283959,134,0.0
1614294287,1.21676,1.21676,0.0,0,1614294287837,134,0.0
1614294288,1.21675,1.21675,0.0,0,1614294288919,134,0.0
1614294291,1.21676,1.21676,0.0,0,1614294291199,134,0.0
1614294292,1.21675,1.21675,0.0,0,1614294292116,134,0.0
1614294292,1.21674,1.21674,0.0,0,1614294292891,134,0.0
1614294294,1.21675,1.21675,0.0,0,1614294294681,134,0.0
1614294297,1.21674,1.21674,0.0,0,1614294297446,134,0.0
1614294300,1.21674,1.21674,0.0,0,1614294300626,130,0.0
1614294302,1.21673,1.21673,0.0,0,1614294302635,134,0.0
1614294303,1.21674,1.21674,0.0,0,1614294303148,134,0.0
1614294304,1.21674,1.21675,0.0,0,1614294304278,4,0.0
1614294305,1.21674,1.21674,0.0,0,1614294305942,4,0.0
1614294306,1.21674,1.21675,0.0,0,1614294306594,4,0.0
1614294307,1.21673,1.21674,0.0,0,1614294307630,134,0.0
1614294308,1.21674,1.21674,0.0,0,1614294308145,130,0.0
1614294309,1.21673,1.21674,0.0,0,1614294309431,130,0.0
1614294310,1.21674,1.21674,0.0,0,1614294310178,130,0.0
1614294315,1.21673,1.21673,0.0,0,1614294315838,134,0.0
1614294317,1.21674,1.21674,0.0,0,1614294317817,134,0.0
1614294318,1.21672,1.21672,0.0,0,1614294318379,134,0.0
1614294318,1.21671,1.21671,0.0,0,1614294318879,134,0.0
1614294322,1.21675,1.21675,0.0,0,1614294322857,134,0.0
1614294323,1.21676,1.21676,0.0,0,1614294323385,134,0.0
1614294326,1.21679,1.21679,0.0,0,1614294326557,134,0.0
1614294327,1.21679,1.2168,0.0,0,1614294327072,4,0.0
1614294328,1.21679,1.21679,0.0,0,1614294328198,4,0.0
1614294331,1.2168,1.2168,0.0,0,1614294331507,134,0.0
1614294332,1.21679,1.21679,0.0,0,1614294332158,134,0.0
1614294336,1.21679,1.2168,0.0,0,1614294336016,4,0.0
1614294336,1.2168,1.2168,0.0,0,1614294336543,130,0.0
1614294337,1.21679,1.21679,0.0,0,1614294337092,134,0.0
1614294339,1.21679,1.2168,0.0,0,1614294339525,4,0.0
1614294340,1.2168,1.2168,0.0,0,1614294340317,130,0.0
1614294343,1.21678,1.21678,0.0,0,1614294343343,134,0.0
1614294346,1.21679,1.21679,0.0,0,1614294346457,134,0.0
1614294349,1.21676,1.21676,0.0,0,1614294349913,134,0.0
1614294350,1.21679,1.21679,0.0,0,1614294350444,134,0.0
1614294350,1.2168,1.2168,0.0,0,1614294350947,134,0.0
1614294354,1.21679,1.21679,0.0,0,1614294354044,134,0.0
