time,bid,ask,last,volume,time_msc,flags,volume_real
1724961093,1.10818,1.1082,0.0,0,1724961093592,1158,0.0
1724961093,1.10817,1.10819,0.0,0,1724961093602,1158,0.0
1724961093,1.10818,1.1082,0.0,0,1724961093610,1158,0.0
1724961093,1.10817,1.10819,0.0,0,1724961093618,1158,0.0
1724961093,1.10816,1.10818,0.0,0,1724961093788,1158,0.0
1724961093,1.10817,1.10819,0.0,0,1724961093809,1158,0.0
1724961093,1.10816,1.10818,0.0,0,1724961093950,1158,0.0
1724961094,1.10817,1.10819,0.0,0,1724961094286,1158,0.0
1724961094,1.10818,1.1082,0.0,0,1724961094313,1158,0.0
1724961094,1.10819,1.10821,0.0,0,1724961094316,1158,0.0
1724961094,1.10818,1.1082,0.0,0,1724961094327,1158,0.0
1724961094,1.10817,1.10819,0.0,0,1724961094525,1158,0.0
1724961094,1.10818,1.1082,0.0,0,1724961094608,1158,0.0
1724961096,1.10817,1.10819,0.0,0,1724961096562,1158,0.0
1724961096,1.10818,1.1082,0.0,0,1724961096580,1158,0.0
1724961097,1.10817,1.10819,0.0,0,1724961097033,1158,0.0
1724961098,1.10816,1.10818,0.0,0,1724961098915,1158,0.0
1724961099,1.10815,1.10817,0.0,0,1724961099169,1158,0.0
1724961099,1.10814,1.10816,0.0,0,1724961099182,1158,0.0
1724961099,1.10813,1.10815,0.0,0,1724961099201,1158,0.0
1724961099,1.10814,1.10816,0.0,0,1724961099229,1158,0.0
1724961099,1.10815,1.10817,0.0,0,1724961099248,1158,0.0
1724961099,1.10814,1.10816,0.0,0,1724961099375,1158,0.0
1724961100,1.10814,1.10817,0.0,0,1724961100549,1028,0.0
1724961100,1.10815,1.10819,0.0,0,1724961100942,1158,0.0
1724961102,1.10816,1.10819,0.0,0,1724961102784,1154,0.0
1724961102,1.10816,1.1082,0.0,0,1724961102883,1028,0.0
1724961102,1.10816,1.10819,0.0,0,1724961102982,1028,0.0
1724961103,1.10816,1.1082,0.0,0,1724961103689,1028,0.0
1724961103,1.10816,1.10819,0.0,0,1724961103848,1028,0.0
1724961103,1.10813,1.10817,0.0,0,1724961103950,1158,0.0
1724961105,1.10814,1.10818,0.0,0,1724961105220,1158,0.0
1724961105,1.10813,1.10817,0.0,0,1724961105322,1158,0.0
1724961105,1.10814,1.10817,0.0,0,1724961105733,1154,0.0
1724961106,1.10813,1.10817,0.0,0,1724961106226,1154,0.0
1724961107,1.10814,1.10817,0.0,0,1724961107275,1154,0.0
1724961108,1.10813,1.10816,0.0,0,1724961108747,1158,0.0
1724961108,1.10813,1.10815,0.0,0,1724961108847,1028,0.0
1724961108,1.10813,1.10816,0.0,0,1724961108949,1028,0.0
1724961109,1.10813,1.10815,0.0,0,1724961109259,1028,0.0
1724961111,1.10812,1.10815,0.0,0,1724961111345,1154,0.0
1724961111,1.10812,1.10814,0.0,0,1724961111445,1028,0.0
1724961111,1.10812,1.10815,0.0,0,1724961111557,1028,0.0
1724961111,1.10812,1.10814,0.0,0,1724961111724,1028,0.0
1724961111,1.10812,1.10815,0.0,0,1724961111916,1028,0.0
1724961112,1.10812,1.10814,0.0,0,1724961112490,1028,0.0
1724961112,1.10813,1.10815,0.0,0,1724961112892,1158,0.0
1724961114,1.10812,1.10814,0.0,0,1724961114596,1158,0.0
1724961114,1.10811,1.10813,0.0,0,1724961114625,1158,0.0
1724961114,1.10812,1.10814,0.0,0,1724961114678,1158,0.0
1724961114,1.10813,1.10815,0.0,0,1724961114907,1158,0.0
1724961116,1.10812,1.10814,0.0,0,1724961116610,1158,0.0
1724961118,1.10813,1.10815,0.0,0,1724961118321,1158,0.0
1724961118,1.10812,1.10814,0.0,0,1724961118354,1158,0.0
1724961118,1.10813,1.10815,0.0,0,1724961118371,1158,0.0
1724961118,1.10812,1.10814,0.0,0,1724961118382,1158,0.0
1724961118,1.10813,1.10815,0.0,0,1724961118492,1158,0.0
1724961120,1.10812,1.10814,0.0,0,1724961120307,1158,0.0
1724961120,1.10813,1.10815,0.0,0,1724961120356,1158,0.0
1724961120,1.10812,1.10814,0.0,0,1724961120762,1158,0.0
1724961120,1.10811,1.10813,0.0,0,1724961120770,1158,0.0
1724961120,1.10812,1.10814,0.0,0,1724961120840,1158,0.0
1724961121,1.10811,1.10813,0.0,0,1724961121343,1158,0.0
1724961121,1.1081,1.10812,0.0,0,1724961121364,1158,0.0
1724961121,1.10811,1.10813,0.0,0,1724961121472,1158,0.0
1724961121,1.10812,1.10814,0.0,0,1724961121485,1158,0.0
1724961124,1.10813,1.10815,0.0,0,1724961124335,1158,0.0
1724961124,1.10812,1.10814,0.0,0,1724961124415,1158,0.0
1724961124,1.10813,1.10815,0.0,0,1724961124533,1158,0.0
1724961125,1.10812,1.10814,0.0,0,1724961125010,1158,0.0
1724961125,1.10813,1.10815,0.0,0,1724961125271,1158,0.0
1724961125,1.10812,1.10814,0.0,0,1724961125322,1158,0.0
1724961126,1.10813,1.10815,0.0,0,1724961126037,1158,0.0
1724961126,1.10812,1.10814,0.0,0,1724961126087,1158,0.0
1724961126,1.10813,1.10815,0.0,0,1724961126181,1158,0.0
1724961126,1.10812,1.10814,0.0,0,1724961126259,1158,0.0
1724961126,1.10813,1.10815,0.0,0,1724961126450,1158,0.0
1724961126,1.10814,1.10816,0.0,0,1724961126509,1158,0.0
1724961127,1.10813,1.10815,0.0,0,1724961127026,1158,0.0
1724961127,1.10814,1.10816,0.0,0,1724961127078,1158,0.0
1724961127,1.10813,1.10815,0.0,0,1724961127963,1158,0.0
1724961128,1.10814,1.10816,0.0,0,1724961128134,1158,0.0
1724961129,1.10813,1.10815,0.0,0,1724961129485,1158,0.0
1724961131,1.10812,1.10814,0.0,0,1724961131622,1158,0.0
1724961132,1.10811,1.10813,0.0,0,1724961132269,1158,0.0
1724961132,1.10812,1.10814,0.0,0,1724961132891,1158,0.0
1724961132,1.10811,1.10813,0.0,0,1724961132912,1158,0.0
1724961133,1.10812,1.10814,0.0,0,1724961133335,1158,0.0
1724961133,1.10811,1.10813,0.0,0,1724961133839,1158,0.0
1724961133,1.10812,1.10814,0.0,0,1724961133941,1158,0.0
1724961135,1.10811,1.10813,0.0,0,1724961135020,1158,0.0
1724961135,1.1081,1.10812,0.0,0,1724961135039,1158,0.0
1724961135,1.10809,1.10811,0.0,0,1724961135045,1158,0.0
1724961135,1.10808,1.1081,0.0,0,1724961135261,1158,0.0
1724961136,1.10807,1.1081,0.0,0,1724961136290,1154,0.0
1724961136,1.10807,1.10811,0.0,0,1724961136390,1028,0.0
1724961136,1.10807,1.1081,0.0,0,1724961136491,1028,0.0
1724961136,1.10807,1.10811,0.0,0,1724961136642,1028,0.0
1724961136,1.10807,1.1081,0.0,0,1724961136742,1028,0.0
1724961136,1.10807,1.10811,0.0,0,1724961136863,1028,0.0
1724961137,1.10807,1.1081,0.0,0,1724961137550,1028,0.0
1724961137,1.10806,1.1081,0.0,0,1724961137649,1154,0.0
1724961137,1.10807,1.1081,0.0,0,1724961137929,1154,0.0
1724961138,1.10806,1.1081,0.0,0,1724961138345,1154,0.0
1724961138,1.10807,1.1081,0.0,0,1724961138444,1154,0.0
1724961138,1.10806,1.1081,0.0,0,1724961138697,1154,0.0
1724961138,1.10807,1.10811,0.0,0,1724961138796,1158,0.0
1724961138,1.10807,1.1081,0.0,0,1724961138899,1028,0.0
1724961138,1.10806,1.1081,0.0,0,1724961138997,1154,0.0
1724961139,1.10806,1.10809,0.0,0,1724961139199,1028,0.0
1724961139,1.10804,1.10808,0.0,0,1724961139307,1158,0.0
1724961139,1.10803,1.10806,0.0,0,1724961139400,1158,0.0
1724961139,1.10802,1.10806,0.0,0,1724961139501,1154,0.0
1724961139,1.10803,1.10806,0.0,0,1724961139601,1154,0.0
1724961139,1.10803,1.10807,0.0,0,1724961139702,1028,0.0
1724961139,1.10803,1.10806,0.0,0,1724961139879,1028,0.0
1724961140,1.10803,1.10807,0.0,0,1724961140015,1028,0.0
1724961140,1.10804,1.10808,0.0,0,1724961140116,1158,0.0
1724961140,1.10805,1.10808,0.0,0,1724961140216,1154,0.0
1724961142,1.10804,1.10808,0.0,0,1724961142033,1154,0.0
1724961142,1.10802,1.10806,0.0,0,1724961142130,1158,0.0
1724961142,1.10801,1.10804,0.0,0,1724961142231,1158,0.0
1724961143,1.10801,1.10805,0.0,0,1724961143270,1028,0.0
1724961143,1.10802,1.10805,0.0,0,1724961143538,1154,0.0
1724961144,1.10801,1.10804,0.0,0,1724961144629,1158,0.0
1724961145,1.108,1.10804,0.0,0,1724961145900,1154,0.0
1724961146,1.108,1.10803,0.0,0,1724961146332,1028,0.0
1724961146,1.10799,1.10803,0.0,0,1724961146431,1154,0.0
1724961146,1.10799,1.10802,0.0,0,1724961146533,1028,0.0
1724961146,1.10799,1.10803,0.0,0,1724961146719,1028,0.0
1724961146,1.108,1.10803,0.0,0,1724961146859,1154,0.0
1724961146,1.108,1.10804,0.0,0,1724961146957,1028,0.0
1724961147,1.10801,1.10804,0.0,0,1724961147057,1154,0.0
1724961147,1.108,1.10804,0.0,0,1724961147299,1154,0.0
1724961148,1.10801,1.10804,0.0,0,1724961148075,1154,0.0
1724961148,1.10802,1.10805,0.0,0,1724961148175,1158,0.0
1724961148,1.10802,1.10806,0.0,0,1724961148620,1028,0.0
1724961148,1.10803,1.10807,0.0,0,1724961148721,1158,0.0
1724961148,1.10803,1.10806,0.0,0,1724961148820,1028,0.0
1724961149,1.10803,1.10807,0.0,0,1724961149811,1028,0.0
1724961152,1.10803,1.10806,0.0,0,1724961152023,1028,0.0
1724961153,1.10803,1.10807,0.0,0,1724961153345,1028,0.0
1724961155,1.10804,1.10806,0.0,0,1724961155744,1158,0.0
1724961156,1.10803,1.10805,0.0,0,1724961156919,1158,0.0
1724961156,1.10802,1.10804,0.0,0,1724961156944,1158,0.0
1724961157,1.10803,1.10805,0.0,0,1724961157193,1158,0.0
1724961158,1.10802,1.10804,0.0,0,1724961158464,1158,0.0
1724961159,1.10801,1.10803,0.0,0,1724961159948,1158,0.0
1724961159,1.108,1.10802,0.0,0,1724961159992,1158,0.0
1724961160,1.10799,1.10801,0.0,0,1724961160025,1158,0.0
1724961160,1.10798,1.108,0.0,0,1724961160037,1158,0.0
1724961160,1.10797,1.10799,0.0,0,1724961160081,1158,0.0
1724961160,1.10796,1.10798,0.0,0,1724961160127,1158,0.0
1724961160,1.10795,1.10797,0.0,0,1724961160136,1158,0.0
1724961160,1.10794,1.10796,0.0,0,1724961160177,1158,0.0
1724961160,1.10795,1.10797,0.0,0,1724961160246,1158,0.0
1724961160,1.10796,1.10798,0.0,0,1724961160528,1158,0.0
1724961160,1.10798,1.108,0.0,0,1724961160597,1158,0.0
1724961162,1.10798,1.10802,0.0,0,1724961162593,1028,0.0
1724961162,1.10799,1.10802,0.0,0,1724961162855,1154,0.0
1724961162,1.10798,1.10802,0.0,0,1724961162947,1154,0.0
1724961163,1.10798,1.10801,0.0,0,1724961163046,1028,0.0
1724961163,1.10797,1.10801,0.0,0,1724961163290,1154,0.0
1724961163,1.10796,1.108,0.0,0,1724961163552,1158,0.0
1724961163,1.10796,1.10799,0.0,0,1724961163650,1028,0.0
1724961165,1.10796,1.108,0.0,0,1724961165554,1028,0.0
1724961165,1.10796,1.10799,0.0,0,1724961165654,1028,0.0
1724961165,1.10796,1.108,0.0,0,1724961165754,1028,0.0
1724961166,1.10797,1.108,0.0,0,1724961166172,1154,0.0
1724961166,1.10798,1.10801,0.0,0,1724961166269,1158,0.0
1724961166,1.10798,1.10802,0.0,0,1724961166663,1028,0.0
1724961166,1.10799,1.10802,0.0,0,1724961166762,1154,0.0
1724961166,1.10801,1.10804,0.0,0,1724961166870,1158,0.0
1724961167,1.10801,1.10805,0.0,0,1724961167064,1028,0.0
1724961167,1.10801,1.10804,0.0,0,1724961167619,1028,0.0
1724961167,1.10801,1.10805,0.0,0,1724961167718,1028,0.0
1724961168,1.10801,1.10804,0.0,0,1724961168013,1028,0.0
1724961168,1.10801,1.10805,0.0,0,1724961168163,1028,0.0
1724961169,1.10801,1.10804,0.0,0,1724961169593,1028,0.0
1724961170,1.10801,1.10805,0.0,0,1724961170218,1028,0.0
1724961170,1.10801,1.10804,0.0,0,1724961170621,1028,0.0
1724961170,1.108,1.10804,0.0,0,1724961170720,1154,0.0
1724961171,1.10801,1.10804,0.0,0,1724961171577,1154,0.0
1724961171,1.10801,1.10805,0.0,0,1724961171677,1028,0.0
1724961172,1.10801,1.10804,0.0,0,1724961172232,1028,0.0
1724961172,1.10801,1.10805,0.0,0,1724961172395,1028,0.0
1724961172,1.10801,1.10804,0.0,0,1724961172555,1028,0.0
1724961172,1.108,1.10804,0.0,0,1724961172654,1154,0.0
1724961172,1.10801,1.10804,0.0,0,1724961172756,1154,0.0
1724961172,1.10801,1.10805,0.0,0,1724961172878,1028,0.0
1724961175,1.10803,1.10805,0.0,0,1724961175237,1154,0.0
1724961178,1.10804,1.10806,0.0,0,1724961178999,1158,0.0
1724961179,1.10805,1.10807,0.0,0,1724961179693,1158,0.0
1724961179,1.10804,1.10806,0.0,0,1724961179724,1158,0.0
1724961180,1.10805,1.10807,0.0,0,1724961180188,1158,0.0
1724961180,1.10804,1.10806,0.0,0,1724961180320,1158,0.0
1724961182,1.10805,1.10807,0.0,0,1724961182849,1158,0.0
1724961183,1.10804,1.10806,0.0,0,1724961183160,1158,0.0
1724961183,1.10803,1.10805,0.0,0,1724961183355,1158,0.0
1724961183,1.10802,1.10804,0.0,0,1724961183403,1158,0.0
1724961183,1.10801,1.10803,0.0,0,1724961183428,1158,0.0
1724961183,1.10802,1.10804,0.0,0,1724961183969,1158,0.0
1724961186,1.10801,1.10805,0.0,0,1724961186082,1158,0.0
1724961186,1.10801,1.10804,0.0,0,1724961186638,1028,0.0
1724961187,1.108,1.10804,0.0,0,1724961187040,1154,0.0
1724961187,1.10801,1.10804,0.0,0,1724961187143,1154,0.0
1724961187,1.108,1.10804,0.0,0,1724961187404,1154,0.0
1724961187,1.10801,1.10804,0.0,0,1724961187505,1154,0.0
1724961187,1.10799,1.10803,0.0,0,1724961187909,1158,0.0
1724961188,1.10798,1.10801,0.0,0,1724961188015,1158,0.0
1724961189,1.10797,1.10801,0.0,0,1724961189268,1154,0.0
1724961189,1.10798,1.10801,0.0,0,1724961189367,1154,0.0
1724961190,1.10797,1.10801,0.0,0,1724961190498,1154,0.0
1724961190,1.10798,1.10801,0.0,0,1724961190599,1154,0.0
1724961197,1.10798,1.108,0.0,0,1724961197664,1028,0.0
1724961197,1.10797,1.10799,0.0,0,1724961197671,1158,0.0
1724961197,1.10798,1.108,0.0,0,1724961197707,1158,0.0
1724961197,1.10797,1.10799,0.0,0,1724961197718,1158,0.0
1724961197,1.10798,1.108,0.0,0,1724961197792,1158,0.0
1724961197,1.10799,1.10801,0.0,0,1724961197829,1158,0.0
1724961199,1.10799,1.10802,0.0,0,1724961199306,1028,0.0
1724961202,1.108,1.10802,0.0,0,1724961202693,1154,0.0
1724961205,1.10801,1.10803,0.0,0,1724961205080,1158,0.0
1724961205,1.10803,1.10805,0.0,0,1724961205104,1158,0.0
1724961205,1.10804,1.10806,0.0,0,1724961205148,1158,0.0
1724961205,1.10803,1.10805,0.0,0,1724961205220,1158,0.0
1724961206,1.10802,1.10806,0.0,0,1724961206350,1158,0.0
1724961206,1.10802,1.10805,0.0,0,1724961206895,1028,0.0
1724961207,1.10802,1.10806,0.0,0,1724961207175,1028,0.0
1724961207,1.10803,1.10806,0.0,0,1724961207588,1154,0.0
1724961211,1.10805,1.10807,0.0,0,1724961211849,1158,0.0
1724961221,1.10806,1.10808,0.0,0,1724961221356,1158,0.0
1724961221,1.10805,1.10807,0.0,0,1724961221416,1158,0.0
1724961221,1.10806,1.10808,0.0,0,1724961221526,1158,0.0
1724961221,1.10805,1.10807,0.0,0,1724961221830,1158,0.0
1724961221,1.10806,1.10808,0.0,0,1724961221840,1158,0.0
1724961223,1.10805,1.10807,0.0,0,1724961223504,1158,0.0
1724961224,1.10804,1.10806,0.0,0,1724961224561,1158,0.0
1724961225,1.10805,1.10807,0.0,0,1724961225287,1158,0.0
1724961228,1.10806,1.10808,0.0,0,1724961228802,1158,0.0
1724961229,1.10804,1.10806,0.0,0,1724961229822,1158,0.0
1724961237,1.10803,1.10805,0.0,0,1724961237396,1158,0.0
1724961237,1.10802,1.10804,0.0,0,1724961237405,1158,0.0
1724961237,1.10803,1.10805,0.0,0,1724961237418,1158,0.0
1724961237,1.10804,1.10806,0.0,0,1724961237454,1158,0.0
1724961244,1.10805,1.10807,0.0,0,1724961244312,1158,0.0
1724961244,1.10804,1.10806,0.0,0,1724961244381,1158,0.0
1724961246,1.10805,1.10807,0.0,0,1724961246808,1158,0.0
1724961247,1.10804,1.10806,0.0,0,1724961247857,1158,0.0
1724961248,1.10805,1.10807,0.0,0,1724961248933,1158,0.0
1724961249,1.10804,1.10806,0.0,0,1724961249658,1158,0.0
1724961249,1.10805,1.10807,0.0,0,1724961249687,1158,0.0
1724961249,1.10806,1.10808,0.0,0,1724961249904,1158,0.0
1724961249,1.10807,1.10809,0.0,0,1724961249910,1158,0.0
1724961249,1.10808,1.1081,0.0,0,1724961249940,1158,0.0
1724961249,1.10809,1.10811,0.0,0,1724961249967,1158,0.0
1724961250,1.1081,1.10812,0.0,0,1724961250030,1158,0.0
1724961250,1.10811,1.10813,0.0,0,1724961250054,1158,0.0
1724961250,1.10812,1.10814,0.0,0,1724961250066,1158,0.0
1724961250,1.10813,1.10815,0.0,0,1724961250081,1158,0.0
1724961250,1.10812,1.10814,0.0,0,1724961250138,1158,0.0
1724961250,1.10811,1.10813,0.0,0,1724961250486,1158,0.0
1724961250,1.1081,1.10812,0.0,0,1724961250494,1158,0.0
1724961254,1.10809,1.10813,0.0,0,1724961254386,1158,0.0
1724961254,1.10809,1.10812,0.0,0,1724961254484,1028,0.0
1724961255,1.10809,1.10813,0.0,0,1724961255035,1028,0.0
1724961255,1.10809,1.10812,0.0,0,1724961255134,1028,0.0
1724961255,1.10809,1.10813,0.0,0,1724961255236,1028,0.0
1724961255,1.10809,1.10812,0.0,0,1724961255336,1028,0.0
1724961256,1.10808,1.10812,0.0,0,1724961256797,1154,0.0
1724961256,1.10809,1.10812,0.0,0,1724961256897,1154,0.0
1724961257,1.10809,1.10813,0.0,0,1724961257188,1028,0.0
1724961257,1.10811,1.10814,0.0,0,1724961257291,1158,0.0
1724961257,1.1081,1.10814,0.0,0,1724961257857,1154,0.0
1724961258,1.10811,1.10814,0.0,0,1724961258066,1154,0.0
1724961258,1.1081,1.10814,0.0,0,1724961258177,1154,0.0
1724961258,1.1081,1.10813,0.0,0,1724961258276,1028,0.0
1724961258,1.10811,1.10814,0.0,0,1724961258377,1158,0.0
1724961258,1.1081,1.10814,0.0,0,1724961258578,1154,0.0
1724961258,1.10811,1.10814,0.0,0,1724961258677,1154,0.0
1724961258,1.1081,1.10814,0.0,0,1724961258986,1154,0.0
1724961259,1.10811,1.10814,0.0,0,1724961259084,1154,0.0
1724961259,1.1081,1.10814,0.0,0,1724961259314,1154,0.0
1724961259,1.10811,1.10814,0.0,0,1724961259436,1154,0.0
1724961260,1.1081,1.10814,0.0,0,1724961260082,1154,0.0
1724961260,1.10811,1.10814,0.0,0,1724961260210,1154,0.0
1724961260,1.1081,1.10814,0.0,0,1724961260885,1154,0.0
1724961260,1.10811,1.10814,0.0,0,1724961260984,1154,0.0
1724961261,1.10811,1.10813,0.0,0,1724961261903,1028,0.0
1724961262,1.1081,1.10813,0.0,0,1724961262022,1154,0.0
1724961263,1.10811,1.10814,0.0,0,1724961263435,1158,0.0
1724961263,1.1081,1.10813,0.0,0,1724961263616,1158,0.0
1724961264,1.10811,1.10813,0.0,0,1724961264553,1154,0.0
1724961264,1.1081,1.10813,0.0,0,1724961264582,1154,0.0
1724961269,1.1081,1.10812,0.0,0,1724961269175,1028,0.0
1724961269,1.10809,1.10811,0.0,0,1724961269217,1158,0.0
1724961269,1.1081,1.10812,0.0,0,1724961269338,1158,0.0
1724961270,1.10808,1.1081,0.0,0,1724961270649,1158,0.0
1724961273,1.10809,1.10811,0.0,0,1724961273709,1158,0.0
1724961273,1.1081,1.10812,0.0,0,1724961273720,1158,0.0
1724961273,1.10811,1.10813,0.0,0,1724961273740,1158,0.0
1724961274,1.1081,1.10814,0.0,0,1724961274236,1158,0.0
1724961274,1.10813,1.10816,0.0,0,1724961274337,1158,0.0
1724961274,1.10813,1.10817,0.0,0,1724961274435,1028,0.0
1724961274,1.10813,1.10816,0.0,0,1724961274538,1028,0.0
1724961276,1.10813,1.10817,0.0,0,1724961276300,1028,0.0
1724961276,1.10814,1.10817,0.0,0,1724961276790,1154,0.0
1724961276,1.10814,1.10818,0.0,0,1724961276983,1028,0.0
1724961277,1.10814,1.10817,0.0,0,1724961277085,1028,0.0
1724961279,1.10814,1.10818,0.0,0,1724961279291,1028,0.0
1724961279,1.10814,1.10817,0.0,0,1724961279481,1028,0.0
1724961279,1.10814,1.10818,0.0,0,1724961279702,1028,0.0
1724961279,1.10814,1.10817,0.0,0,1724961279802,1028,0.0
1724961280,1.10814,1.10818,0.0,0,1724961280026,1028,0.0
1724961280,1.10814,1.10817,0.0,0,1724961280662,1028,0.0
1724961280,1.10814,1.10818,0.0,0,1724961280862,1028,0.0
1724961281,1.10814,1.10817,0.0,0,1724961281116,1028,0.0
1724961281,1.10815,1.10817,0.0,0,1724961281146,1154,0.0
1724961281,1.10814,1.10817,0.0,0,1724961281176,1154,0.0
1724961281,1.10815,1.10817,0.0,0,1724961281388,1154,0.0
1724961285,1.10814,1.10816,0.0,0,1724961285743,1158,0.0
1724961285,1.10813,1.10815,0.0,0,1724961285764,1158,0.0
1724961285,1.10814,1.10816,0.0,0,1724961285802,1158,0.0
1724961289,1.10815,1.10817,0.0,0,1724961289903,1158,0.0
1724961291,1.10814,1.10816,0.0,0,1724961291383,1158,0.0
1724961291,1.10815,1.10817,0.0,0,1724961291583,1158,0.0
1724961291,1.10814,1.10816,0.0,0,1724961291758,1158,0.0
1724961292,1.10815,1.10817,0.0,0,1724961292370,1158,0.0
1724961292,1.10814,1.10816,0.0,0,1724961292420,1158,0.0
1724961292,1.10815,1.10817,0.0,0,1724961292438,1158,0.0
1724961292,1.10814,1.10816,0.0,0,1724961292499,1158,0.0
1724961293,1.10815,1.10817,0.0,0,1724961293639,1158,0.0
1724961293,1.10814,1.10816,0.0,0,1724961293931,1158,0.0
1724961294,1.10813,1.10815,0.0,0,1724961294376,1158,0.0
1724961294,1.10812,1.10814,0.0,0,1724961294395,1158,0.0
1724961294,1.10813,1.10815,0.0,0,1724961294414,1158,0.0
1724961294,1.10812,1.10814,0.0,0,1724961294504,1158,0.0
1724961294,1.10813,1.10815,0.0,0,1724961294776,1158,0.0
1724961294,1.10812,1.10814,0.0,0,1724961294969,1158,0.0
1724961296,1.10813,1.10815,0.0,0,1724961296141,1158,0.0
1724961296,1.10812,1.10814,0.0,0,1724961296177,1158,0.0
1724961296,1.10813,1.10815,0.0,0,1724961296472,1158,0.0
1724961296,1.10812,1.10814,0.0,0,1724961296857,1158,0.0
1724961297,1.10813,1.10815,0.0,0,1724961297613,1158,0.0
1724961297,1.10814,1.10816,0.0,0,1724961297996,1158,0.0
1724961298,1.10815,1.10817,0.0,0,1724961298640,1158,0.0
1724961299,1.10815,1.10818,0.0,0,1724961299909,1028,0.0
1724961300,1.10816,1.1082,0.0,0,1724961300012,1158,0.0
1724961300,1.10816,1.10819,0.0,0,1724961300131,1028,0.0
1724961301,1.10816,1.1082,0.0,0,1724961301283,1028,0.0
1724961301,1.10817,1.1082,0.0,0,1724961301443,1154,0.0
1724961301,1.10818,1.10821,0.0,0,1724961301542,1158,0.0
1724961303,1.10817,1.10821,0.0,0,1724961303566,1154,0.0
1724961303,1.10816,1.10819,0.0,0,1724961303665,1158,0.0
1724961303,1.10817,1.1082,0.0,0,1724961303765,1158,0.0
1724961304,1.10816,1.1082,0.0,0,1724961304018,1154,0.0
1724961304,1.10817,1.10821,0.0,0,1724961304605,1158,0.0
1724961305,1.10818,1.10821,0.0,0,1724961305982,1154,0.0
1724961306,1.10817,1.10821,0.0,0,1724961306081,1154,0.0
1724961309,1.10817,1.10819,0.0,0,1724961309414,1028,0.0
1724961309,1.10816,1.10818,0.0,0,1724961309424,1158,0.0
1724961309,1.10815,1.10817,0.0,0,1724961309447,1158,0.0
1724961309,1.10814,1.10816,0.0,0,1724961309473,1158,0.0
1724961309,1.10813,1.10815,0.0,0,1724961309525,1158,0.0
1724961309,1.10814,1.10816,0.0,0,1724961309656,1158,0.0
1724961310,1.10814,1.10817,0.0,0,1724961310524,1028,0.0
1724961310,1.10814,1.10818,0.0,0,1724961310622,1028,0.0
1724961310,1.10815,1.10819,0.0,0,1724961310723,1158,0.0
1724961314,1.10816,1.10819,0.0,0,1724961314661,1154,0.0
1724961314,1.10815,1.10819,0.0,0,1724961314772,1154,0.0
1724961315,1.10816,1.10819,0.0,0,1724961315103,1154,0.0
1724961315,1.10815,1.10819,0.0,0,1724961315213,1154,0.0
1724961317,1.10816,1.10819,0.0,0,1724961317515,1154,0.0
1724961317,1.10815,1.10819,0.0,0,1724961317613,1154,0.0
1724961320,1.10817,1.10819,0.0,0,1724961320753,1154,0.0
1724961322,1.10816,1.10818,0.0,0,1724961322184,1158,0.0
1724961327,1.10814,1.10816,0.0,0,1724961327623,1158,0.0
1724961328,1.10812,1.10816,0.0,0,1724961328660,1154,0.0
1724961329,1.10812,1.10815,0.0,0,1724961329988,1028,0.0
1724961330,1.10813,1.10815,0.0,0,1724961330089,1154,0.0
1724961333,1.10814,1.10816,0.0,0,1724961333997,1158,0.0
1724961334,1.10813,1.10815,0.0,0,1724961334682,1158,0.0
1724961337,1.10812,1.10814,0.0,0,1724961337481,1158,0.0
1724961337,1.10813,1.10815,0.0,0,1724961337490,1158,0.0
1724961337,1.10812,1.10814,0.0,0,1724961337597,1158,0.0
1724961337,1.10813,1.10815,0.0,0,1724961337602,1158,0.0
1724961337,1.10814,1.10816,0.0,0,1724961337661,1158,0.0
1724961337,1.10813,1.10815,0.0,0,1724961337741,1158,0.0
1724961338,1.10812,1.10814,0.0,0,1724961338769,1158,0.0
1724961338,1.10811,1.10813,0.0,0,1724961338781,1158,0.0
1724961338,1.10812,1.10814,0.0,0,1724961338792,1158,0.0
1724961339,1.10811,1.10813,0.0,0,1724961339010,1158,0.0
1724961339,1.10812,1.10814,0.0,0,1724961339030,1158,0.0
1724961339,1.10813,1.10815,0.0,0,1724961339815,1158,0.0
1724961339,1.10812,1.10814,0.0,0,1724961339858,1158,0.0
1724961339,1.10813,1.10815,0.0,0,1724961339885,1158,0.0
1724961339,1.10812,1.10814,0.0,0,1724961339896,1158,0.0
1724961345,1.10813,1.10815,0.0,0,1724961345710,1158,0.0
1724961345,1.10812,1.10814,0.0,0,1724961345717,1158,0.0
1724961348,1.10811,1.10813,0.0,0,1724961348741,1158,0.0
1724961348,1.1081,1.10812,0.0,0,1724961348762,1158,0.0
1724961348,1.10809,1.10811,0.0,0,1724961348932,1158,0.0
1724961348,1.1081,1.10812,0.0,0,1724961348963,1158,0.0
1724961349,1.10809,1.10813,0.0,0,1724961349949,1158,0.0
1724961350,1.1081,1.10813,0.0,0,1724961350049,1154,0.0
1724961350,1.10809,1.10813,0.0,0,1724961350149,1154,0.0
1724961350,1.10808,1.10812,0.0,0,1724961350252,1158,0.0
1724961352,1.10809,1.10812,0.0,0,1724961352117,1154,0.0
1724961357,1.10809,1.10811,0.0,0,1724961357836,1028,0.0
1724961357,1.1081,1.10812,0.0,0,1724961357854,1158,0.0
1724961357,1.10809,1.10811,0.0,0,1724961357873,1158,0.0
1724961357,1.1081,1.10812,0.0,0,1724961357883,1158,0.0
1724961357,1.10809,1.10811,0.0,0,1724961357936,1158,0.0
1724961358,1.1081,1.10812,0.0,0,1724961358177,1158,0.0
1724961358,1.10811,1.10813,0.0,0,1724961358820,1158,0.0
1724961360,1.10811,1.10813,0.0,0,1724961360099,1154,0.0
1724961362,1.10812,1.10814,0.0,0,1724961362409,1158,0.0
1724961363,1.10811,1.10813,0.0,0,1724961363023,1158,0.0
1724961363,1.10812,1.10814,0.0,0,1724961363053,1158,0.0
1724961363,1.10811,1.10813,0.0,0,1724961363075,1158,0.0
1724961363,1.10812,1.10814,0.0,0,1724961363184,1158,0.0
1724961363,1.10813,1.10815,0.0,0,1724961363548,1158,0.0
1724961363,1.10812,1.10814,0.0,0,1724961363901,1158,0.0
1724961365,1.10814,1.10816,0.0,0,1724961365313,1158,0.0
1724961365,1.10815,1.10817,0.0,0,1724961365333,1158,0.0
1724961365,1.10816,1.10818,0.0,0,1724961365353,1158,0.0
1724961365,1.10818,1.1082,0.0,0,1724961365401,1158,0.0
1724961365,1.10819,1.10821,0.0,0,1724961365481,1158,0.0
1724961365,1.10817,1.10819,0.0,0,1724961365501,1158,0.0
1724961365,1.10818,1.1082,0.0,0,1724961365551,1158,0.0
1724961365,1.10817,1.10819,0.0,0,1724961365563,1158,0.0
1724961365,1.10818,1.1082,0.0,0,1724961365987,1158,0.0
1724961366,1.10818,1.10821,0.0,0,1724961366187,1028,0.0
1724961366,1.1082,1.10823,0.0,0,1724961366290,1158,0.0
1724961366,1.1082,1.10824,0.0,0,1724961366556,1028,0.0
1724961370,1.10821,1.10825,0.0,0,1724961370381,1158,0.0
1724961370,1.10821,1.10824,0.0,0,1724961370684,1028,0.0
1724961370,1.10821,1.10825,0.0,0,1724961370834,1028,0.0
1724961370,1.10822,1.10826,0.0,0,1724961370984,1158,0.0
1724961371,1.10822,1.10825,0.0,0,1724961371089,1028,0.0
1724961372,1.10822,1.10826,0.0,0,1724961372467,1028,0.0
1724961373,1.10823,1.10827,0.0,0,1724961373264,1158,0.0
1724961373,1.10823,1.10826,0.0,0,1724961373788,1028,0.0
1724961373,1.10823,1.10827,0.0,0,1724961373888,1028,0.0
1724961373,1.10823,1.10826,0.0,0,1724961373988,1028,0.0
1724961374,1.10821,1.10825,0.0,0,1724961374088,1158,0.0
1724961375,1.10821,1.10824,0.0,0,1724961375734,1028,0.0
1724961375,1.1082,1.10824,0.0,0,1724961375933,1154,0.0
1724961376,1.10821,1.10824,0.0,0,1724961376033,1154,0.0
1724961376,1.10821,1.10825,0.0,0,1724961376508,1028,0.0
1724961376,1.10821,1.10824,0.0,0,1724961376609,1028,0.0
1724961376,1.1082,1.10824,0.0,0,1724961376783,1154,0.0
1724961376,1.10821,1.10824,0.0,0,1724961376891,1154,0.0
1724961377,1.10821,1.10825,0.0,0,1724961377596,1028,0.0
1724961377,1.10821,1.10824,0.0,0,1724961377696,1028,0.0
1724961380,1.10821,1.10823,0.0,0,1724961380437,1028,0.0
1724961380,1.10819,1.10821,0.0,0,1724961380470,1158,0.0
1724961380,1.1082,1.10822,0.0,0,1724961380478,1158,0.0
1724961382,1.10819,1.10822,0.0,0,1724961382140,1154,0.0
1724961383,1.10818,1.10821,0.0,0,1724961383148,1158,0.0
1724961383,1.10819,1.10821,0.0,0,1724961383891,1154,0.0
1724961384,1.1082,1.10822,0.0,0,1724961384687,1158,0.0
1724961389,1.10821,1.10823,0.0,0,1724961389071,1158,0.0
1724961389,1.1082,1.10822,0.0,0,1724961389091,1158,0.0
1724961390,1.10821,1.10823,0.0,0,1724961390486,1158,0.0
1724961390,1.1082,1.10822,0.0,0,1724961390528,1158,0.0
1724961390,1.10821,1.10823,0.0,0,1724961390719,1158,0.0
1724961390,1.10822,1.10824,0.0,0,1724961390941,1158,0.0
1724961391,1.10821,1.10823,0.0,0,1724961391122,1158,0.0
1724961392,1.10822,1.10824,0.0,0,1724961392113,1158,0.0
1724961395,1.10821,1.10823,0.0,0,1724961395231,1158,0.0
1724961395,1.10822,1.10824,0.0,0,1724961395285,1158,0.0
1724961395,1.10821,1.10823,0.0,0,1724961395285,1158,0.0
1724961395,1.10822,1.10824,0.0,0,1724961395603,1158,0.0
1724961396,1.10821,1.10823,0.0,0,1724961396803,1158,0.0
1724961396,1.1082,1.10822,0.0,0,1724961396865,1158,0.0
1724961397,1.10819,1.10821,0.0,0,1724961397699,1158,0.0
1724961397,1.10817,1.10819,0.0,0,1724961397798,1158,0.0
1724961397,1.10818,1.1082,0.0,0,1724961397950,1158,0.0
1724961398,1.10817,1.1082,0.0,0,1724961398395,1154,0.0
1724961398,1.10817,1.10819,0.0,0,1724961398494,1028,0.0
1724961398,1.10818,1.1082,0.0,0,1724961398595,1158,0.0
1724961401,1.10817,1.10819,0.0,0,1724961401338,1158,0.0
1724961401,1.10818,1.1082,0.0,0,1724961401448,1158,0.0
1724961401,1.10819,1.10821,0.0,0,1724961401874,1158,0.0
1724961402,1.10818,1.10821,0.0,0,1724961402950,1154,0.0
1724961403,1.10818,1.1082,0.0,0,1724961403050,1028,0.0
1724961403,1.10818,1.10821,0.0,0,1724961403344,1028,0.0
1724961403,1.10819,1.10821,0.0,0,1724961403444,1154,0.0
1724961403,1.10818,1.1082,0.0,0,1724961403655,1158,0.0
1724961404,1.10818,1.10821,0.0,0,1724961404149,1028,0.0
1724961404,1.10818,1.1082,0.0,0,1724961404251,1028,0.0
1724961404,1.10817,1.1082,0.0,0,1724961404724,1154,0.0
1724961404,1.10818,1.1082,0.0,0,1724961404895,1154,0.0
1724961407,1.10819,1.10821,0.0,0,1724961407746,1158,0.0
1724961407,1.1082,1.10822,0.0,0,1724961407876,1158,0.0
1724961407,1.10819,1.10821,0.0,0,1724961407887,1158,0.0
1724961408,1.1082,1.10822,0.0,0,1724961408365,1158,0.0
1724961409,1.10821,1.10823,0.0,0,1724961409850,1158,0.0
1724961409,1.1082,1.10822,0.0,0,1724961409900,1158,0.0
1724961409,1.10819,1.10821,0.0,0,1724961409940,1158,0.0
1724961409,1.1082,1.10822,0.0,0,1724961409950,1158,0.0
1724961412,1.10821,1.10823,0.0,0,1724961412231,1158,0.0
1724961412,1.1082,1.10822,0.0,0,1724961412267,1158,0.0
1724961414,1.10819,1.10821,0.0,0,1724961414341,1158,0.0
1724961414,1.1082,1.10822,0.0,0,1724961414382,1158,0.0
1724961414,1.10821,1.10823,0.0,0,1724961414423,1158,0.0
1724961416,1.1082,1.10822,0.0,0,1724961416023,1158,0.0
1724961416,1.10821,1.10823,0.0,0,1724961416406,1158,0.0
1724961416,1.1082,1.10822,0.0,0,1724961416468,1158,0.0
1724961417,1.1082,1.10823,0.0,0,1724961417082,1028,0.0
1724961417,1.1082,1.10822,0.0,0,1724961417180,1028,0.0
1724961417,1.1082,1.10823,0.0,0,1724961417280,1028,0.0
1724961417,1.10822,1.10825,0.0,0,1724961417381,1158,0.0
1724961418,1.10824,1.10826,0.0,0,1724961418018,1158,0.0
1724961418,1.10823,1.10825,0.0,0,1724961418194,1158,0.0
1724961418,1.10822,1.10824,0.0,0,1724961418985,1158,0.0
1724961418,1.10821,1.10823,0.0,0,1724961418998,1158,0.0
1724961419,1.10819,1.10823,0.0,0,1724961419086,1154,0.0
1724961419,1.10821,1.10824,0.0,0,1724961419190,1158,0.0
1724961419,1.10821,1.10825,0.0,0,1724961419660,1028,0.0
1724961419,1.10821,1.10824,0.0,0,1724961419829,1028,0.0
1724961420,1.1082,1.10824,0.0,0,1724961420836,1154,0.0
1724961422,1.10821,1.10824,0.0,0,1724961422952,1154,0.0
1724961423,1.10821,1.10823,0.0,0,1724961423565,1028,0.0
1724961423,1.10821,1.10824,0.0,0,1724961423859,1028,0.0
1724961423,1.10821,1.10823,0.0,0,1724961423960,1028,0.0
1724961424,1.10821,1.10824,0.0,0,1724961424058,1028,0.0
1724961424,1.10821,1.10823,0.0,0,1724961424341,1028,0.0
1724961425,1.10822,1.10824,0.0,0,1724961425915,1158,0.0
1724961431,1.10821,1.10823,0.0,0,1724961431585,1158,0.0
1724961431,1.10822,1.10824,0.0,0,1724961431617,1158,0.0
1724961431,1.10821,1.10823,0.0,0,1724961431885,1158,0.0
1724961432,1.1082,1.10822,0.0,0,1724961432194,1158,0.0
1724961432,1.10818,1.1082,0.0,0,1724961432277,1158,0.0
1724961432,1.10819,1.10821,0.0,0,1724961432383,1158,0.0
1724961433,1.10817,1.10821,0.0,0,1724961433387,1154,0.0
1724961433,1.10818,1.10822,0.0,0,1724961433487,1158,0.0
1724961433,1.10818,1.10821,0.0,0,1724961433700,1028,0.0
1724961434,1.10818,1.10822,0.0,0,1724961434391,1028,0.0
1724961434,1.10819,1.10823,0.0,0,1724961434584,1158,0.0
1724961434,1.10819,1.10822,0.0,0,1724961434633,1028,0.0
1724961435,1.10818,1.10822,0.0,0,1724961435300,1154,0.0
1724961435,1.10819,1.10822,0.0,0,1724961435426,1154,0.0
1724961435,1.10819,1.10823,0.0,0,1724961435983,1028,0.0
1724961436,1.10819,1.10822,0.0,0,1724961436237,1028,0.0
1724961436,1.10818,1.10822,0.0,0,1724961436294,1154,0.0
1724961436,1.10819,1.10822,0.0,0,1724961436395,1154,0.0
1724961436,1.10819,1.10823,0.0,0,1724961436681,1028,0.0
1724961436,1.10819,1.10822,0.0,0,1724961436951,1028,0.0
1724961437,1.10819,1.10823,0.0,0,1724961437343,1028,0.0
1724961438,1.1082,1.10823,0.0,0,1724961438200,1154,0.0
1724961438,1.1082,1.10824,0.0,0,1724961438301,1028,0.0
1724961438,1.10821,1.10825,0.0,0,1724961438805,1158,0.0
1724961438,1.10821,1.10824,0.0,0,1724961438906,1028,0.0
1724961439,1.10821,1.10825,0.0,0,1724961439875,1028,0.0
1724961442,1.10822,1.10824,0.0,0,1724961442065,1158,0.0
1724961446,1.10821,1.10823,0.0,0,1724961446173,1158,0.0
1724961446,1.10822,1.10824,0.0,0,1724961446737,1158,0.0
1724961447,1.10821,1.10823,0.0,0,1724961447530,1158,0.0
1724961447,1.10822,1.10824,0.0,0,1724961447739,1158,0.0
1724961448,1.10823,1.10825,0.0,0,1724961448726,1158,0.0
1724961453,1.10825,1.10827,0.0,0,1724961453938,1158,0.0
1724961455,1.10826,1.10828,0.0,0,1724961455457,1158,0.0
1724961456,1.10825,1.10827,0.0,0,1724961456086,1158,0.0
1724961456,1.10824,1.10826,0.0,0,1724961456488,1158,0.0
1724961456,1.10825,1.10827,0.0,0,1724961456540,1158,0.0
1724961456,1.10824,1.10826,0.0,0,1724961456986,1158,0.0
1724961458,1.10823,1.10825,0.0,0,1724961458415,1158,0.0
1724961458,1.10822,1.10824,0.0,0,1724961458908,1158,0.0
1724961459,1.10821,1.10823,0.0,0,1724961459777,1158,0.0
1724961459,1.10822,1.10824,0.0,0,1724961459968,1158,0.0
1724961460,1.1082,1.10824,0.0,0,1724961460231,1154,0.0
1724961461,1.10821,1.10824,0.0,0,1724961461199,1154,0.0
1724961461,1.10822,1.10824,0.0,0,1724961461300,1154,0.0
1724961461,1.10821,1.10824,0.0,0,1724961461876,1154,0.0
1724961461,1.10821,1.10823,0.0,0,1724961461976,1028,0.0
1724961463,1.1082,1.10822,0.0,0,1724961463587,1158,0.0
1724961463,1.10819,1.10822,0.0,0,1724961463688,1154,0.0
1724961463,1.10819,1.10821,0.0,0,1724961463929,1028,0.0
1724961465,1.10818,1.10821,0.0,0,1724961465315,1154,0.0
1724961465,1.10819,1.10823,0.0,0,1724961465644,1158,0.0
1724961465,1.10817,1.10821,0.0,0,1724961465989,1158,0.0
1724961466,1.10816,1.1082,0.0,0,1724961466086,1158,0.0
1724961466,1.10817,1.1082,0.0,0,1724961466349,1154,0.0
1724961466,1.10818,1.10821,0.0,0,1724961466450,1158,0.0
1724961466,1.10817,1.1082,0.0,0,1724961466549,1158,0.0
1724961468,1.10818,1.1082,0.0,0,1724961468364,1154,0.0
1724961470,1.10819,1.10821,0.0,0,1724961470028,1158,0.0
1724961470,1.1082,1.10822,0.0,0,1724961470048,1158,0.0
1724961471,1.1082,1.10823,0.0,0,1724961471247,1028,0.0
1724961471,1.1082,1.10824,0.0,0,1724961471346,1028,0.0
1724961472,1.10819,1.10823,0.0,0,1724961472134,1158,0.0
1724961472,1.1082,1.10823,0.0,0,1724961472557,1154,0.0
1724961473,1.10819,1.10823,0.0,0,1724961473292,1154,0.0
1724961473,1.1082,1.10823,0.0,0,1724961473453,1154,0.0
1724961473,1.10819,1.10823,0.0,0,1724961473749,1154,0.0
1724961473,1.10819,1.10822,0.0,0,1724961473847,1028,0.0
1724961474,1.10819,1.10823,0.0,0,1724961474754,1028,0.0
1724961474,1.10819,1.10822,0.0,0,1724961474936,1028,0.0
1724961475,1.10819,1.10823,0.0,0,1724961475328,1028,0.0
1724961475,1.10819,1.10822,0.0,0,1724961475500,1028,0.0
1724961475,1.10819,1.10823,0.0,0,1724961475973,1028,0.0
1724961476,1.10819,1.10822,0.0,0,1724961476154,1028,0.0
1724961477,1.10819,1.10821,0.0,0,1724961477314,1028,0.0
1724961477,1.10819,1.10822,0.0,0,1724961477373,1028,0.0
1724961478,1.10819,1.10821,0.0,0,1724961478151,1028,0.0
1724961478,1.10818,1.1082,0.0,0,1724961478386,1158,0.0
1724961481,1.10818,1.1082,0.0,0,1724961481566,1154,0.0
1724961483,1.10817,1.10819,0.0,0,1724961483221,1158,0.0
1724961483,1.10816,1.10818,0.0,0,1724961483230,1158,0.0
1724961484,1.10815,1.10817,0.0,0,1724961484168,1158,0.0
1724961484,1.10814,1.10816,0.0,0,1724961484268,1158,0.0
1724961484,1.10814,1.10817,0.0,0,1724961484367,1028,0.0
1724961484,1.10815,1.10818,0.0,0,1724961484487,1158,0.0
1724961486,1.10814,1.10818,0.0,0,1724961486061,1154,0.0
1724961486,1.10814,1.10817,0.0,0,1724961486372,1028,0.0
1724961486,1.10813,1.10817,0.0,0,1724961486474,1154,0.0
1724961486,1.10814,1.10817,0.0,0,1724961486664,1154,0.0
1724961488,1.10813,1.10817,0.0,0,1724961488125,1154,0.0
1724961488,1.10814,1.10817,0.0,0,1724961488639,1154,0.0
1724961490,1.10816,1.10818,0.0,0,1724961490385,1158,0.0
1724961491,1.10815,1.10818,0.0,0,1724961491392,1154,0.0
1724961491,1.10817,1.1082,0.0,0,1724961491586,1158,0.0
1724961491,1.10816,1.1082,0.0,0,1724961491685,1154,0.0
1724961492,1.10817,1.1082,0.0,0,1724961492502,1154,0.0
1724961492,1.10818,1.10821,0.0,0,1724961492602,1158,0.0
1724961492,1.10819,1.10823,0.0,0,1724961492905,1158,0.0
1724961493,1.10819,1.10822,0.0,0,1724961493207,1028,0.0
1724961493,1.10819,1.10823,0.0,0,1724961493893,1028,0.0
1724961495,1.10819,1.10822,0.0,0,1724961495071,1028,0.0
1724961495,1.1082,1.10824,0.0,0,1724961495356,1158,0.0
1724961496,1.10821,1.10824,0.0,0,1724961496452,1154,0.0
1724961498,1.1082,1.10823,0.0,0,1724961498594,1158,0.0
1724961499,1.1082,1.10824,0.0,0,1724961499730,1028,0.0
1724961499,1.1082,1.10823,0.0,0,1724961499899,1028,0.0
1724961500,1.1082,1.10822,0.0,0,1724961500878,1028,0.0
1724961501,1.10821,1.10823,0.0,0,1724961501348,1158,0.0
1724961502,1.1082,1.10822,0.0,0,1724961502649,1158,0.0
1724961502,1.10821,1.10823,0.0,0,1724961502668,1158,0.0
1724961502,1.1082,1.10822,0.0,0,1724961502802,1158,0.0
1724961503,1.10821,1.10823,0.0,0,1724961503003,1158,0.0
1724961503,1.1082,1.10822,0.0,0,1724961503113,1158,0.0
1724961503,1.10821,1.10823,0.0,0,1724961503262,1158,0.0
1724961503,1.1082,1.10822,0.0,0,1724961503313,1158,0.0
1724961504,1.10821,1.10823,0.0,0,1724961504303,1158,0.0
1724961509,1.10822,1.10824,0.0,0,1724961509772,1158,0.0
1724961509,1.10821,1.10823,0.0,0,1724961509781,1158,0.0
1724961509,1.10822,1.10824,0.0,0,1724961509792,1158,0.0
1724961509,1.10823,1.10825,0.0,0,1724961509822,1158,0.0
1724961509,1.10822,1.10824,0.0,0,1724961509992,1158,0.0
1724961510,1.10821,1.10823,0.0,0,1724961510024,1158,0.0
1724961510,1.1082,1.10822,0.0,0,1724961510708,1158,0.0
1724961514,1.10821,1.10823,0.0,0,1724961514491,1158,0.0
1724961514,1.10823,1.10825,0.0,0,1724961514497,1158,0.0
1724961514,1.10822,1.10824,0.0,0,1724961514518,1158,0.0
1724961514,1.10821,1.10823,0.0,0,1724961514687,1158,0.0
1724961514,1.10822,1.10824,0.0,0,1724961514989,1158,0.0
1724961515,1.10823,1.10825,0.0,0,1724961515020,1158,0.0
1724961515,1.10824,1.10826,0.0,0,1724961515546,1158,0.0
1724961515,1.10823,1.10825,0.0,0,1724961515565,1158,0.0
1724961517,1.10821,1.10825,0.0,0,1724961517057,1154,0.0
1724961517,1.1082,1.10824,0.0,0,1724961517160,1158,0.0
1724961519,1.10821,1.10824,0.0,0,1724961519756,1154,0.0
1724961519,1.10821,1.10825,0.0,0,1724961519938,1028,0.0
1724961521,1.10821,1.10824,0.0,0,1724961521408,1028,0.0
1724961522,1.10822,1.10824,0.0,0,1724961522648,1154,0.0
1724961523,1.10823,1.10825,0.0,0,1724961523508,1158,0.0
1724961524,1.10822,1.10824,0.0,0,1724961524662,1158,0.0
1724961525,1.10821,1.10823,0.0,0,1724961525651,1158,0.0
1724961526,1.10822,1.10824,0.0,0,1724961526832,1158,0.0
1724961527,1.10821,1.10823,0.0,0,1724961527598,1158,0.0
1724961531,1.1082,1.10822,0.0,0,1724961531286,1158,0.0
1724961531,1.10821,1.10823,0.0,0,1724961531314,1158,0.0
1724961532,1.10822,1.10824,0.0,0,1724961532685,1158,0.0
1724961533,1.10821,1.10823,0.0,0,1724961533246,1158,0.0
1724961533,1.10822,1.10824,0.0,0,1724961533757,1158,0.0
1724961533,1.10823,1.10825,0.0,0,1724961533935,1158,0.0
1724961534,1.10822,1.10824,0.0,0,1724961534882,1158,0.0
1724961535,1.10821,1.10823,0.0,0,1724961535861,1158,0.0
1724961536,1.10821,1.10824,0.0,0,1724961536251,1028,0.0
1724961536,1.10822,1.10825,0.0,0,1724961536351,1158,0.0
1724961536,1.10823,1.10826,0.0,0,1724961536452,1158,0.0
1724961536,1.10822,1.10825,0.0,0,1724961536595,1158,0.0
1724961536,1.10823,1.10826,0.0,0,1724961536694,1158,0.0
1724961536,1.10823,1.10825,0.0,0,1724961536895,1028,0.0
1724961536,1.10822,1.10825,0.0,0,1724961536995,1154,0.0
1724961537,1.10822,1.10826,0.0,0,1724961537157,1028,0.0
1724961537,1.10823,1.10826,0.0,0,1724961537328,1154,0.0
1724961538,1.10822,1.10826,0.0,0,1724961538017,1154,0.0
1724961538,1.10823,1.10826,0.0,0,1724961538314,1154,0.0
1724961538,1.10822,1.10826,0.0,0,1724961538597,1154,0.0
1724961539,1.10823,1.10826,0.0,0,1724961539657,1154,0.0
1724961539,1.10822,1.10825,0.0,0,1724961539755,1158,0.0
1724961539,1.10822,1.10826,0.0,0,1724961539896,1028,0.0
1724961540,1.10822,1.10825,0.0,0,1724961540099,1158,0.0
1724961540,1.10822,1.10826,0.0,0,1724961540269,1028,0.0
1724961540,1.10822,1.10825,0.0,0,1724961540806,1028,0.0
1724961540,1.10821,1.10825,0.0,0,1724961540906,1154,0.0
1724961541,1.10821,1.10823,0.0,0,1724961541208,1028,0.0
1724961541,1.10822,1.10824,0.0,0,1724961541300,1158,0.0
1724961541,1.10821,1.10823,0.0,0,1724961541800,1158,0.0
1724961542,1.10821,1.10824,0.0,0,1724961542215,1028,0.0
1724961542,1.1082,1.10824,0.0,0,1724961542355,1154,0.0
1724961542,1.10821,1.10824,0.0,0,1724961542517,1154,0.0
1724961542,1.1082,1.10824,0.0,0,1724961542709,1154,0.0
1724961542,1.10821,1.10824,0.0,0,1724961542819,1154,0.0
1724961542,1.1082,1.10824,0.0,0,1724961542917,1154,0.0
1724961543,1.10821,1.10824,0.0,0,1724961543029,1154,0.0
1724961543,1.1082,1.10824,0.0,0,1724961543130,1154,0.0
1724961544,1.10821,1.10823,0.0,0,1724961544711,1158,0.0
1724961545,1.10822,1.10824,0.0,0,1724961545356,1158,0.0
1724961545,1.10823,1.10825,0.0,0,1724961545628,1158,0.0
1724961547,1.10824,1.10826,0.0,0,1724961547160,1158,0.0
1724961547,1.10825,1.10827,0.0,0,1724961547179,1158,0.0
1724961547,1.10824,1.10826,0.0,0,1724961547290,1158,0.0
1724961547,1.10823,1.10825,0.0,0,1724961547404,1158,0.0
1724961552,1.10824,1.10826,0.0,0,1724961552226,1158,0.0
1724961552,1.10823,1.10825,0.0,0,1724961552454,1158,0.0
1724961552,1.10822,1.10824,0.0,0,1724961552471,1158,0.0
1724961552,1.10821,1.10823,0.0,0,1724961552492,1158,0.0
1724961553,1.10819,1.10823,0.0,0,1724961553015,1154,0.0
1724961553,1.10818,1.10821,0.0,0,1724961553111,1158,0.0
1724961553,1.10817,1.10821,0.0,0,1724961553407,1154,0.0
1724961553,1.10817,1.1082,0.0,0,1724961553577,1028,0.0
1724961554,1.10816,1.1082,0.0,0,1724961554858,1154,0.0
1724961555,1.10816,1.10819,0.0,0,1724961555669,1028,0.0
1724961555,1.10816,1.1082,0.0,0,1724961555770,1028,0.0
1724961555,1.10815,1.10819,0.0,0,1724961555869,1158,0.0
1724961556,1.10816,1.10819,0.0,0,1724961556394,1154,0.0
1724961556,1.10815,1.10819,0.0,0,1724961556564,1154,0.0
1724961557,1.10815,1.10818,0.0,0,1724961557846,1028,0.0
1724961557,1.10814,1.10818,0.0,0,1724961557945,1154,0.0
1724961558,1.10815,1.10819,0.0,0,1724961558045,1158,0.0
1724961558,1.10814,1.10818,0.0,0,1724961558147,1158,0.0
1724961558,1.10815,1.10818,0.0,0,1724961558431,1154,0.0
1724961558,1.10814,1.10818,0.0,0,1724961558541,1154,0.0
1724961559,1.10814,1.10817,0.0,0,1724961559430,1028,0.0
1724961559,1.10815,1.10817,0.0,0,1724961559528,1154,0.0
1724961559,1.10814,1.10817,0.0,0,1724961559699,1154,0.0
1724961559,1.10815,1.10817,0.0,0,1724961559798,1154,0.0
1724961559,1.10814,1.10817,0.0,0,1724961559960,1154,0.0
1724961560,1.10815,1.10817,0.0,0,1724961560060,1154,0.0
1724961560,1.10815,1.10818,0.0,0,1724961560160,1028,0.0
1724961560,1.10816,1.10818,0.0,0,1724961560260,1154,0.0
1724961560,1.10817,1.10819,0.0,0,1724961560898,1158,0.0
1724961560,1.10817,1.1082,0.0,0,1724961560998,1028,0.0
1724961561,1.10816,1.10819,0.0,0,1724961561096,1158,0.0
1724961561,1.10817,1.1082,0.0,0,1724961561199,1158,0.0
1724961561,1.10816,1.10819,0.0,0,1724961561312,1158,0.0
1724961561,1.10816,1.1082,0.0,0,1724961561512,1028,0.0
1724961561,1.10817,1.1082,0.0,0,1724961561611,1154,0.0
1724961561,1.10816,1.10819,0.0,0,1724961561712,1158,0.0
1724961561,1.10817,1.1082,0.0,0,1724961561975,1158,0.0
1724961562,1.10816,1.1082,0.0,0,1724961562075,1154,0.0
1724961562,1.10816,1.10819,0.0,0,1724961562175,1028,0.0
1724961562,1.10817,1.1082,0.0,0,1724961562275,1158,0.0
1724961562,1.10816,1.10819,0.0,0,1724961562426,1158,0.0
1724961562,1.10815,1.10819,0.0,0,1724961562641,1154,0.0
1724961565,1.10817,1.10819,0.0,0,1724961565572,1154,0.0
1724961565,1.10818,1.1082,0.0,0,1724961565582,1158,0.0
1724961566,1.10817,1.10819,0.0,0,1724961566781,1158,0.0
1724961566,1.10817,1.1082,0.0,0,1724961566984,1028,0.0
1724961568,1.10817,1.10819,0.0,0,1724961568512,1028,0.0
1724961569,1.10818,1.1082,0.0,0,1724961569614,1158,0.0
1724961569,1.10819,1.10821,0.0,0,1724961569652,1158,0.0
1724961570,1.10818,1.1082,0.0,0,1724961570257,1158,0.0
1724961570,1.10819,1.10821,0.0,0,1724961570439,1158,0.0
1724961572,1.10818,1.1082,0.0,0,1724961572363,1158,0.0
1724961572,1.10819,1.10821,0.0,0,1724961572373,1158,0.0
1724961574,1.10818,1.1082,0.0,0,1724961574258,1158,0.0
1724961574,1.10819,1.10821,0.0,0,1724961574440,1158,0.0
1724961575,1.10818,1.1082,0.0,0,1724961575063,1158,0.0
1724961575,1.10817,1.10819,0.0,0,1724961575209,1158,0.0
1724961575,1.10816,1.10818,0.0,0,1724961575249,1158,0.0
1724961575,1.10815,1.10817,0.0,0,1724961575298,1158,0.0
1724961575,1.10814,1.10816,0.0,0,1724961575321,1158,0.0
1724961578,1.10812,1.10816,0.0,0,1724961578238,1154,0.0
1724961578,1.10813,1.10816,0.0,0,1724961578339,1154,0.0
1724961579,1.10813,1.10817,0.0,0,1724961579064,1028,0.0
1724961583,1.10813,1.10816,0.0,0,1724961583066,1028,0.0
1724961584,1.10814,1.10816,0.0,0,1724961584506,1154,0.0
1724961584,1.10813,1.10816,0.0,0,1724961584605,1154,0.0
1724961584,1.10814,1.10816,0.0,0,1724961584718,1154,0.0
1724961585,1.10815,1.10817,0.0,0,1724961585100,1158,0.0
1724961585,1.10814,1.10816,0.0,0,1724961585293,1158,0.0
1724961588,1.10813,1.10815,0.0,0,1724961588639,1158,0.0
1724961589,1.10812,1.10814,0.0,0,1724961589068,1158,0.0
1724961589,1.10813,1.10815,0.0,0,1724961589128,1158,0.0
1724961589,1.10814,1.10816,0.0,0,1724961589819,1158,0.0
1724961590,1.10813,1.10815,0.0,0,1724961590663,1158,0.0
1724961590,1.10812,1.10814,0.0,0,1724961590803,1158,0.0
1724961592,1.10811,1.10815,0.0,0,1724961592143,1158,0.0
1724961592,1.10812,1.10816,0.0,0,1724961592242,1158,0.0
1724961592,1.10813,1.10816,0.0,0,1724961592387,1154,0.0
1724961592,1.10813,1.10817,0.0,0,1724961592485,1028,0.0
1724961593,1.10815,1.10818,0.0,0,1724961593090,1158,0.0
1724961593,1.10815,1.10819,0.0,0,1724961593190,1028,0.0
1724961594,1.10816,1.10819,0.0,0,1724961594674,1154,0.0
1724961595,1.10816,1.1082,0.0,0,1724961595055,1028,0.0
1724961595,1.10816,1.10819,0.0,0,1724961595154,1028,0.0
1724961595,1.10816,1.1082,0.0,0,1724961595851,1028,0.0
1724961595,1.10817,1.10821,0.0,0,1724961595962,1158,0.0
1724961596,1.10818,1.10821,0.0,0,1724961596061,1154,0.0
1724961596,1.10816,1.1082,0.0,0,1724961596162,1158,0.0
1724961599,1.10816,1.10818,0.0,0,1724961599952,1028,0.0
1724961600,1.10816,1.10819,0.0,0,1724961600909,1158,0.0
1724961601,1.10816,1.10818,0.0,0,1724961601044,1028,0.0
1724961602,1.10815,1.10817,0.0,0,1724961602584,1158,0.0
1724961602,1.10814,1.10816,0.0,0,1724961602624,1158,0.0
1724961602,1.10813,1.10815,0.0,0,1724961602659,1158,0.0
1724961603,1.10812,1.10816,0.0,0,1724961603025,1158,0.0
1724961603,1.10812,1.10815,0.0,0,1724961603218,1028,0.0
1724961603,1.10812,1.10816,0.0,0,1724961603350,1028,0.0
1724961603,1.10812,1.10815,0.0,0,1724961603714,1028,0.0
1724961603,1.1081,1.10814,0.0,0,1724961603812,1158,0.0
1724961605,1.10811,1.10814,0.0,0,1724961605276,1154,0.0
1724961605,1.1081,1.10814,0.0,0,1724961605385,1154,0.0
1724961605,1.10812,1.10815,0.0,0,1724961605484,1158,0.0
1724961605,1.10811,1.10814,0.0,0,1724961605584,1158,0.0
1724961605,1.1081,1.10814,0.0,0,1724961605684,1154,0.0
1724961605,1.10811,1.10814,0.0,0,1724961605786,1154,0.0
1724961606,1.10811,1.10815,0.0,0,1724961606083,1028,0.0
1724961606,1.10813,1.10816,0.0,0,1724961606183,1158,0.0
1724961606,1.10812,1.10815,0.0,0,1724961606283,1158,0.0
1724961606,1.10812,1.10816,0.0,0,1724961606776,1028,0.0
1724961607,1.10812,1.10815,0.0,0,1724961607110,1028,0.0
1724961607,1.10811,1.10815,0.0,0,1724961607554,1154,0.0
1724961607,1.10811,1.10814,0.0,0,1724961607875,1028,0.0
1724961608,1.1081,1.10814,0.0,0,1724961608893,1154,0.0
1724961609,1.1081,1.10813,0.0,0,1724961609146,1028,0.0
1724961609,1.10809,1.10812,0.0,0,1724961609659,1158,0.0
1724961609,1.10808,1.10811,0.0,0,1724961609759,1158,0.0
1724961609,1.10807,1.1081,0.0,0,1724961609862,1158,0.0
1724961609,1.10807,1.10811,0.0,0,1724961609991,1028,0.0
1724961610,1.10807,1.1081,0.0,0,1724961610092,1028,0.0
1724961610,1.10807,1.10811,0.0,0,1724961610193,1028,0.0
1724961610,1.10807,1.1081,0.0,0,1724961610293,1028,0.0
1724961610,1.10807,1.10811,0.0,0,1724961610405,1028,0.0
1724961610,1.10807,1.1081,0.0,0,1724961610507,1028,0.0
1724961611,1.10807,1.10811,0.0,0,1724961611210,1028,0.0
1724961611,1.10807,1.1081,0.0,0,1724961611792,1028,0.0
1724961612,1.10807,1.10811,0.0,0,1724961612204,1028,0.0
1724961612,1.10807,1.1081,0.0,0,1724961612374,1028,0.0
1724961612,1.10807,1.10811,0.0,0,1724961612474,1028,0.0
1724961612,1.10807,1.1081,0.0,0,1724961612600,1028,0.0
1724961612,1.10807,1.10811,0.0,0,1724961612700,1028,0.0
1724961613,1.10808,1.10811,0.0,0,1724961613004,1154,0.0
1724961613,1.10809,1.10812,0.0,0,1724961613105,1158,0.0
1724961613,1.10809,1.10813,0.0,0,1724961613839,1028,0.0
1724961613,1.10809,1.10812,0.0,0,1724961613961,1028,0.0
1724961614,1.10809,1.10813,0.0,0,1724961614172,1028,0.0
1724961615,1.1081,1.10813,0.0,0,1724961615080,1154,0.0
1724961615,1.10809,1.10812,0.0,0,1724961615710,1158,0.0
1724961615,1.10809,1.10813,0.0,0,1724961615935,1028,0.0
1724961616,1.10809,1.10812,0.0,0,1724961616034,1028,0.0
1724961616,1.10809,1.10813,0.0,0,1724961616741,1028,0.0
1724961616,1.1081,1.10813,0.0,0,1724961616872,1154,0.0
1724961619,1.10811,1.10813,0.0,0,1724961619583,1154,0.0
1724961619,1.10812,1.10814,0.0,0,1724961619594,1158,0.0
1724961619,1.10811,1.10813,0.0,0,1724961619685,1158,0.0
1724961619,1.10812,1.10814,0.0,0,1724961619722,1158,0.0
1724961620,1.10811,1.10813,0.0,0,1724961620076,1158,0.0
1724961620,1.1081,1.10812,0.0,0,1724961620086,1158,0.0
1724961620,1.10811,1.10813,0.0,0,1724961620096,1158,0.0
1724961620,1.10812,1.10814,0.0,0,1724961620106,1158,0.0
1724961620,1.10811,1.10813,0.0,0,1724961620117,1158,0.0
1724961620,1.10812,1.10814,0.0,0,1724961620290,1158,0.0
1724961620,1.10811,1.10813,0.0,0,1724961620377,1158,0.0
1724961620,1.10812,1.10814,0.0,0,1724961620670,1158,0.0
1724961620,1.10811,1.10813,0.0,0,1724961620739,1158,0.0
1724961621,1.10812,1.10814,0.0,0,1724961621164,1158,0.0
1724961621,1.10811,1.10813,0.0,0,1724961621183,1158,0.0
1724961621,1.10809,1.10811,0.0,0,1724961621467,1158,0.0
1724961621,1.10806,1.10808,0.0,0,1724961621488,1158,0.0
1724961621,1.10804,1.10806,0.0,0,1724961621527,1158,0.0
1724961621,1.10806,1.10808,0.0,0,1724961621627,1158,0.0
1724961621,1.10807,1.10809,0.0,0,1724961621710,1158,0.0
1724961621,1.10806,1.10808,0.0,0,1724961621768,1158,0.0
1724961621,1.10807,1.10809,0.0,0,1724961621787,1158,0.0
1724961621,1.10806,1.10808,0.0,0,1724961621949,1158,0.0
1724961622,1.10806,1.10809,0.0,0,1724961622333,1028,0.0
1724961622,1.10805,1.10809,0.0,0,1724961622485,1154,0.0
1724961622,1.10806,1.10809,0.0,0,1724961622584,1154,0.0
1724961622,1.10805,1.10809,0.0,0,1724961622684,1154,0.0
1724961623,1.10806,1.10809,0.0,0,1724961623109,1154,0.0
1724961623,1.10805,1.10809,0.0,0,1724961623209,1154,0.0
1724961623,1.10806,1.10809,0.0,0,1724961623492,1154,0.0
1724961623,1.10805,1.10809,0.0,0,1724961623864,1154,0.0
1724961624,1.10806,1.10809,0.0,0,1724961624591,1154,0.0
1724961624,1.10806,1.1081,0.0,0,1724961624792,1028,0.0
1724961624,1.10806,1.10809,0.0,0,1724961624892,1028,0.0
1724961625,1.10806,1.1081,0.0,0,1724961625349,1028,0.0
1724961625,1.10806,1.10809,0.0,0,1724961625447,1028,0.0
1724961625,1.10805,1.10809,0.0,0,1724961625548,1154,0.0
1724961626,1.10805,1.10808,0.0,0,1724961626809,1028,0.0
1724961629,1.10805,1.10809,0.0,0,1724961629671,1028,0.0
1724961629,1.10806,1.10809,0.0,0,1724961629772,1154,0.0
1724961629,1.1081,1.10813,0.0,0,1724961629872,1158,0.0
1724961629,1.1081,1.10814,0.0,0,1724961629971,1028,0.0
1724961630,1.10812,1.10814,0.0,0,1724961630428,1154,0.0
1724961630,1.10811,1.10813,0.0,0,1724961630516,1158,0.0
1724961630,1.10811,1.10814,0.0,0,1724961630770,1028,0.0
1724961630,1.10811,1.10813,0.0,0,1724961630789,1028,0.0
1724961630,1.1081,1.10813,0.0,0,1724961630799,1154,0.0
1724961630,1.10811,1.10813,0.0,0,1724961630834,1154,0.0
1724961634,1.10811,1.10814,0.0,0,1724961634617,1028,0.0
1724961634,1.1081,1.10814,0.0,0,1724961634818,1154,0.0
1724961634,1.10811,1.10814,0.0,0,1724961634917,1154,0.0
1724961635,1.1081,1.10814,0.0,0,1724961635119,1154,0.0
1724961635,1.10811,1.10814,0.0,0,1724961635658,1154,0.0
1724961635,1.1081,1.10814,0.0,0,1724961635817,1154,0.0
1724961635,1.10811,1.10814,0.0,0,1724961635915,1154,0.0
1724961636,1.1081,1.10814,0.0,0,1724961636045,1154,0.0
1724961636,1.10811,1.10814,0.0,0,1724961636144,1154,0.0
1724961636,1.1081,1.10814,0.0,0,1724961636268,1154,0.0
1724961636,1.10811,1.10814,0.0,0,1724961636854,1154,0.0
1724961636,1.1081,1.10814,0.0,0,1724961636953,1154,0.0
1724961637,1.10812,1.10815,0.0,0,1724961637056,1158,0.0
1724961638,1.10812,1.10816,0.0,0,1724961638064,1028,0.0
1724961638,1.10812,1.10815,0.0,0,1724961638234,1028,0.0
1724961638,1.10813,1.10816,0.0,0,1724961638791,1158,0.0
1724961638,1.10812,1.10816,0.0,0,1724961638930,1154,0.0
1724961639,1.10812,1.10815,0.0,0,1724961639029,1028,0.0
1724961639,1.10813,1.10816,0.0,0,1724961639070,1158,0.0
1724961639,1.10812,1.10815,0.0,0,1724961639403,1158,0.0
1724961640,1.10813,1.10816,0.0,0,1724961640683,1158,0.0
1724961640,1.10812,1.10815,0.0,0,1724961640732,1158,0.0
1724961640,1.10813,1.10815,0.0,0,1724961640761,1154,0.0
1724961640,1.10812,1.10815,0.0,0,1724961640811,1154,0.0
1724961641,1.10813,1.10815,0.0,0,1724961641418,1154,0.0
1724961641,1.10814,1.10816,0.0,0,1724961641688,1158,0.0
1724961642,1.10813,1.10815,0.0,0,1724961642042,1158,0.0
1724961642,1.10812,1.10814,0.0,0,1724961642083,1158,0.0
1724961642,1.10811,1.10813,0.0,0,1724961642335,1158,0.0
1724961643,1.10811,1.10814,0.0,0,1724961643051,1028,0.0
1724961643,1.10811,1.10815,0.0,0,1724961643152,1028,0.0
1724961643,1.1081,1.10814,0.0,0,1724961643725,1158,0.0
1724961644,1.1081,1.10813,0.0,0,1724961644291,1028,0.0
1724961644,1.1081,1.10814,0.0,0,1724961644390,1028,0.0
1724961644,1.1081,1.10813,0.0,0,1724961644904,1028,0.0
1724961645,1.1081,1.10814,0.0,0,1724961645005,1028,0.0
1724961645,1.10811,1.10814,0.0,0,1724961645602,1154,0.0
1724961645,1.10812,1.10814,0.0,0,1724961645642,1154,0.0
1724961645,1.10811,1.10814,0.0,0,1724961645669,1154,0.0
1724961645,1.10811,1.10813,0.0,0,1724961645680,1028,0.0
1724961646,1.10812,1.10814,0.0,0,1724961646035,1158,0.0
1724961646,1.10813,1.10815,0.0,0,1724961646073,1158,0.0
1724961646,1.10812,1.10814,0.0,0,1724961646295,1158,0.0
1724961646,1.10813,1.10815,0.0,0,1724961646390,1158,0.0
1724961646,1.10812,1.10814,0.0,0,1724961646496,1158,0.0
1724961646,1.10813,1.10815,0.0,0,1724961646800,1158,0.0
1724961646,1.10812,1.10814,0.0,0,1724961646838,1158,0.0
1724961647,1.10812,1.10815,0.0,0,1724961647170,1028,0.0
1724961647,1.10812,1.10814,0.0,0,1724961647292,1028,0.0
1724961647,1.10811,1.10814,0.0,0,1724961647392,1154,0.0
1724961648,1.10811,1.10813,0.0,0,1724961648116,1028,0.0
1724961648,1.10811,1.10814,0.0,0,1724961648866,1028,0.0
1724961648,1.10812,1.10814,0.0,0,1724961648965,1154,0.0
1724961649,1.10811,1.10813,0.0,0,1724961649289,1158,0.0
1724961649,1.10812,1.10814,0.0,0,1724961649841,1158,0.0
1724961650,1.10811,1.10813,0.0,0,1724961650923,1158,0.0
1724961651,1.10812,1.10814,0.0,0,1724961651848,1158,0.0
1724961652,1.10811,1.10813,0.0,0,1724961652052,1158,0.0
1724961655,1.10812,1.10814,0.0,0,1724961655918,1158,0.0
1724961655,1.10811,1.10813,0.0,0,1724961655928,1158,0.0
1724961656,1.10812,1.10814,0.0,0,1724961656714,1158,0.0
1724961657,1.10813,1.10815,0.0,0,1724961657217,1158,0.0
1724961657,1.10812,1.10814,0.0,0,1724961657227,1158,0.0
1724961657,1.10811,1.10813,0.0,0,1724961657430,1158,0.0
1724961660,1.1081,1.10812,0.0,0,1724961660064,1158,0.0
1724961660,1.10811,1.10813,0.0,0,1724961660104,1158,0.0
1724961660,1.1081,1.10812,0.0,0,1724961660114,1158,0.0
1724961660,1.10811,1.10813,0.0,0,1724961660124,1158,0.0
1724961660,1.10812,1.10814,0.0,0,1724961660143,1158,0.0
1724961660,1.10811,1.10813,0.0,0,1724961660205,1158,0.0
1724961660,1.10812,1.10814,0.0,0,1724961660580,1158,0.0
1724961661,1.10813,1.10815,0.0,0,1724961661334,1158,0.0
1724961661,1.10814,1.10816,0.0,0,1724961661345,1158,0.0
1724961661,1.10813,1.10815,0.0,0,1724961661364,1158,0.0
1724961661,1.10814,1.10816,0.0,0,1724961661501,1158,0.0
1724961661,1.10815,1.10817,0.0,0,1724961661602,1158,0.0
1724961661,1.10814,1.10816,0.0,0,1724961661840,1158,0.0
1724961661,1.10815,1.10817,0.0,0,1724961661860,1158,0.0
1724961661,1.10814,1.10816,0.0,0,1724961661890,1158,0.0
1724961661,1.10815,1.10817,0.0,0,1724961661911,1158,0.0
1724961661,1.10816,1.10818,0.0,0,1724961661982,1158,0.0
1724961662,1.10814,1.10818,0.0,0,1724961662607,1154,0.0
1724961662,1.10815,1.10818,0.0,0,1724961662707,1154,0.0
1724961663,1.10814,1.10818,0.0,0,1724961663355,1154,0.0
1724961663,1.10814,1.10817,0.0,0,1724961663453,1028,0.0
1724961663,1.10814,1.10818,0.0,0,1724961663614,1028,0.0
1724961663,1.10815,1.10818,0.0,0,1724961663715,1154,0.0
1724961664,1.10814,1.10816,0.0,0,1724961664595,1158,0.0
1724961664,1.10815,1.10818,0.0,0,1724961664693,1158,0.0
1724961664,1.10814,1.10817,0.0,0,1724961664997,1158,0.0
1724961665,1.10816,1.10818,0.0,0,1724961665039,1158,0.0
1724961666,1.10817,1.10819,0.0,0,1724961666054,1158,0.0
1724961666,1.10816,1.10818,0.0,0,1724961666103,1158,0.0
1724961666,1.10817,1.10819,0.0,0,1724961666113,1158,0.0
1724961666,1.10816,1.10818,0.0,0,1724961666878,1158,0.0
1724961667,1.10817,1.10819,0.0,0,1724961667050,1158,0.0
1724961667,1.10816,1.10818,0.0,0,1724961667080,1158,0.0
1724961668,1.10815,1.10817,0.0,0,1724961668602,1158,0.0
1724961668,1.10814,1.10816,0.0,0,1724961668633,1158,0.0
1724961669,1.10814,1.10817,0.0,0,1724961669582,1028,0.0
1724961669,1.10815,1.10818,0.0,0,1724961669682,1158,0.0
1724961669,1.10817,1.1082,0.0,0,1724961669781,1158,0.0
1724961669,1.10818,1.10822,0.0,0,1724961669881,1158,0.0
1724961669,1.1082,1.10823,0.0,0,1724961669982,1158,0.0
1724961670,1.1082,1.10824,0.0,0,1724961670106,1028,0.0
1724961670,1.1082,1.10823,0.0,0,1724961670556,1028,0.0
1724961671,1.10819,1.10823,0.0,0,1724961671393,1154,0.0
1724961671,1.1082,1.10823,0.0,0,1724961671494,1154,0.0
1724961671,1.10819,1.10823,0.0,0,1724961671593,1154,0.0
1724961671,1.1082,1.10823,0.0,0,1724961671715,1154,0.0
1724961671,1.10819,1.10823,0.0,0,1724961671816,1154,0.0
1724961671,1.1082,1.10823,0.0,0,1724961671917,1154,0.0
1724961672,1.10819,1.10823,0.0,0,1724961672016,1154,0.0
1724961672,1.10819,1.10822,0.0,0,1724961672162,1028,0.0
1724961672,1.1082,1.10823,0.0,0,1724961672260,1158,0.0
1724961672,1.10819,1.10823,0.0,0,1724961672795,1154,0.0
1724961672,1.1082,1.10823,0.0,0,1724961672896,1154,0.0
1724961673,1.10819,1.10823,0.0,0,1724961673016,1154,0.0
1724961673,1.1082,1.10823,0.0,0,1724961673116,1154,0.0
1724961673,1.10819,1.10823,0.0,0,1724961673217,1154,0.0
1724961673,1.1082,1.10823,0.0,0,1724961673344,1154,0.0
1724961673,1.10819,1.10823,0.0,0,1724961673443,1154,0.0
1724961673,1.1082,1.10823,0.0,0,1724961673695,1154,0.0
1724961674,1.10819,1.10822,0.0,0,1724961674326,1158,0.0
1724961674,1.10818,1.10822,0.0,0,1724961674425,1154,0.0
1724961674,1.10819,1.10823,0.0,0,1724961674910,1158,0.0
1724961675,1.10819,1.10822,0.0,0,1724961675224,1028,0.0
1724961675,1.10819,1.10823,0.0,0,1724961675342,1028,0.0
1724961675,1.10819,1.10822,0.0,0,1724961675676,1028,0.0
1724961675,1.10818,1.10821,0.0,0,1724961675795,1158,0.0
1724961675,1.10815,1.10818,0.0,0,1724961675875,1158,0.0
1724961675,1.10813,1.10817,0.0,0,1724961675977,1158,0.0
1724961676,1.10813,1.10816,0.0,0,1724961676825,1028,0.0
1724961677,1.10812,1.10816,0.0,0,1724961677810,1154,0.0
1724961677,1.10813,1.10816,0.0,0,1724961677910,1154,0.0
1724961678,1.10812,1.10816,0.0,0,1724961678012,1154,0.0
1724961678,1.10813,1.10816,0.0,0,1724961678315,1154,0.0
1724961678,1.10812,1.10816,0.0,0,1724961678416,1154,0.0
1724961678,1.10813,1.10816,0.0,0,1724961678516,1154,0.0
1724961678,1.10812,1.10816,0.0,0,1724961678616,1154,0.0
1724961678,1.10813,1.10816,0.0,0,1724961678716,1154,0.0
1724961679,1.10812,1.10816,0.0,0,1724961679170,1154,0.0
1724961679,1.10813,1.10816,0.0,0,1724961679272,1154,0.0
1724961679,1.10812,1.10816,0.0,0,1724961679372,1154,0.0
1724961679,1.10812,1.10815,0.0,0,1724961679473,1028,0.0
1724961679,1.10812,1.10816,0.0,0,1724961679816,1028,0.0
1724961679,1.10813,1.10816,0.0,0,1724961679917,1154,0.0
1724961680,1.10812,1.10816,0.0,0,1724961680077,1154,0.0
1724961680,1.10813,1.10816,0.0,0,1724961680177,1154,0.0
1724961680,1.10812,1.10816,0.0,0,1724961680279,1154,0.0
1724961680,1.10813,1.10816,0.0,0,1724961680695,1154,0.0
1724961682,1.10814,1.10816,0.0,0,1724961682369,1154,0.0
1724961682,1.10814,1.10817,0.0,0,1724961682382,1028,0.0
1724961682,1.10815,1.10817,0.0,0,1724961682531,1154,0.0
1724961682,1.10815,1.10818,0.0,0,1724961682542,1028,0.0
1724961683,1.10814,1.10818,0.0,0,1724961683126,1154,0.0
1724961683,1.10815,1.10818,0.0,0,1724961683227,1154,0.0
1724961683,1.10814,1.10818,0.0,0,1724961683327,1154,0.0
1724961684,1.10814,1.10817,0.0,0,1724961684063,1028,0.0
1724961684,1.10814,1.10818,0.0,0,1724961684163,1028,0.0
1724961684,1.10815,1.10819,0.0,0,1724961684659,1158,0.0
1724961684,1.10819,1.10823,0.0,0,1724961684758,1158,0.0
1724961684,1.1082,1.10823,0.0,0,1724961684858,1154,0.0
1724961684,1.10818,1.10822,0.0,0,1724961684965,1158,0.0
1724961685,1.10818,1.10821,0.0,0,1724961685061,1028,0.0
1724961685,1.10818,1.10822,0.0,0,1724961685596,1028,0.0
1724961685,1.10818,1.10821,0.0,0,1724961685694,1028,0.0
1724961686,1.10817,1.10821,0.0,0,1724961686342,1154,0.0
1724961686,1.10818,1.10821,0.0,0,1724961686444,1154,0.0
1724961687,1.10819,1.10822,0.0,0,1724961687287,1158,0.0
1724961687,1.10818,1.10822,0.0,0,1724961687386,1154,0.0
1724961687,1.10819,1.10822,0.0,0,1724961687862,1154,0.0
1724961687,1.10818,1.10822,0.0,0,1724961687960,1154,0.0
1724961688,1.10819,1.10822,0.0,0,1724961688061,1154,0.0
1724961688,1.10818,1.10822,0.0,0,1724961688495,1154,0.0
1724961689,1.10819,1.10822,0.0,0,1724961689049,1154,0.0
1724961689,1.10818,1.10821,0.0,0,1724961689149,1158,0.0
1724961689,1.10818,1.10822,0.0,0,1724961689250,1028,0.0
1724961689,1.10818,1.10821,0.0,0,1724961689370,1028,0.0
1724961690,1.10818,1.10822,0.0,0,1724961690056,1028,0.0
1724961690,1.10821,1.10824,0.0,0,1724961690157,1158,0.0
1724961690,1.1082,1.10824,0.0,0,1724961690831,1154,0.0
1724961691,1.10821,1.10824,0.0,0,1724961691084,1154,0.0
1724961691,1.1082,1.10824,0.0,0,1724961691184,1154,0.0
1724961693,1.1082,1.10823,0.0,0,1724961693279,1028,0.0
1724961693,1.1082,1.10824,0.0,0,1724961693452,1028,0.0
1724961695,1.10821,1.10823,0.0,0,1724961695334,1158,0.0
1724961701,1.1082,1.10822,0.0,0,1724961701478,1158,0.0
1724961701,1.10821,1.10823,0.0,0,1724961701500,1158,0.0
1724961702,1.1082,1.10822,0.0,0,1724961702961,1158,0.0
1724961703,1.10821,1.10823,0.0,0,1724961703153,1158,0.0
1724961704,1.1082,1.10822,0.0,0,1724961704233,1158,0.0
1724961704,1.10821,1.10823,0.0,0,1724961704272,1158,0.0
1724961704,1.1082,1.10822,0.0,0,1724961704412,1158,0.0
1724961704,1.10822,1.10824,0.0,0,1724961704967,1158,0.0
1724961704,1.10824,1.10826,0.0,0,1724961704987,1158,0.0
1724961705,1.10825,1.10827,0.0,0,1724961705047,1158,0.0
1724961705,1.10824,1.10826,0.0,0,1724961705086,1158,0.0
1724961705,1.10823,1.10825,0.0,0,1724961705290,1158,0.0
1724961705,1.10825,1.10827,0.0,0,1724961705914,1158,0.0
1724961705,1.10826,1.10828,0.0,0,1724961705926,1158,0.0
1724961705,1.10828,1.1083,0.0,0,1724961705940,1158,0.0
1724961705,1.10829,1.10831,0.0,0,1724961705965,1158,0.0
1724961705,1.1083,1.10832,0.0,0,1724961705967,1158,0.0
1724961705,1.10829,1.10831,0.0,0,1724961705976,1158,0.0
1724961705,1.10827,1.10829,0.0,0,1724961705987,1158,0.0
1724961706,1.10822,1.10826,0.0,0,1724961706114,1158,0.0
1724961706,1.10823,1.10826,0.0,0,1724961706376,1154,0.0
1724961706,1.10822,1.10826,0.0,0,1724961706477,1154,0.0
1724961706,1.10823,1.10826,0.0,0,1724961706577,1154,0.0
1724961706,1.10822,1.10826,0.0,0,1724961706679,1154,0.0
1724961706,1.10821,1.10824,0.0,0,1724961706779,1158,0.0
1724961708,1.1082,1.10823,0.0,0,1724961708172,1158,0.0
1724961708,1.10819,1.10823,0.0,0,1724961708272,1154,0.0
1724961709,1.10819,1.10822,0.0,0,1724961709546,1028,0.0
1724961710,1.10819,1.10823,0.0,0,1724961710036,1028,0.0
1724961711,1.10818,1.10822,0.0,0,1724961711180,1158,0.0
1724961711,1.10819,1.10822,0.0,0,1724961711276,1154,0.0
1724961711,1.10819,1.10823,0.0,0,1724961711384,1028,0.0
1724961711,1.10819,1.10822,0.0,0,1724961711642,1028,0.0
1724961711,1.10817,1.10821,0.0,0,1724961711739,1158,0.0
1724961714,1.10818,1.10821,0.0,0,1724961714359,1154,0.0
1724961720,1.1082,1.10822,0.0,0,1724961720123,1158,0.0
1724961721,1.10821,1.10823,0.0,0,1724961721089,1158,0.0
1724961722,1.10822,1.10824,0.0,0,1724961722178,1158,0.0
1724961722,1.10824,1.10826,0.0,0,1724961722934,1158,0.0
1724961722,1.10825,1.10827,0.0,0,1724961722947,1158,0.0
1724961723,1.10825,1.10829,0.0,0,1724961723712,1028,0.0
1724961723,1.10827,1.1083,0.0,0,1724961723811,1158,0.0
1724961724,1.10826,1.1083,0.0,0,1724961724234,1154,0.0
1724961724,1.10826,1.10829,0.0,0,1724961724334,1028,0.0
1724961724,1.10826,1.1083,0.0,0,1724961724542,1028,0.0
1724961724,1.10826,1.10829,0.0,0,1724961724641,1028,0.0
1724961724,1.10825,1.10828,0.0,0,1724961724793,1158,0.0
1724961724,1.10807,1.1081,0.0,0,1724961724896,1158,0.0
1724961725,1.10808,1.10811,0.0,0,1724961725096,1158,0.0
1724961725,1.1081,1.10813,0.0,0,1724961725196,1158,0.0
1724961725,1.10813,1.10816,0.0,0,1724961725298,1158,0.0
1724961725,1.10812,1.10816,0.0,0,1724961725393,1154,0.0
1724961725,1.10813,1.10816,0.0,0,1724961725494,1154,0.0
1724961725,1.10815,1.10818,0.0,0,1724961725594,1158,0.0
1724961725,1.10814,1.10818,0.0,0,1724961725694,1154,0.0
1724961725,1.10816,1.1082,0.0,0,1724961725800,1158,0.0
1724961725,1.10817,1.10821,0.0,0,1724961725896,1158,0.0
1724961725,1.10816,1.1082,0.0,0,1724961725997,1158,0.0
1724961726,1.10817,1.1082,0.0,0,1724961726098,1154,0.0
1724961726,1.10815,1.10819,0.0,0,1724961726197,1158,0.0
1724961726,1.10815,1.10818,0.0,0,1724961726331,1028,0.0
1724961726,1.10815,1.10819,0.0,0,1724961726431,1028,0.0
1724961726,1.10815,1.10818,0.0,0,1724961726918,1028,0.0
1724961727,1.1081,1.10813,0.0,0,1724961727016,1158,0.0
1724961727,1.10809,1.10812,0.0,0,1724961727123,1158,0.0
1724961727,1.10809,1.10813,0.0,0,1724961727217,1028,0.0
1724961727,1.10809,1.10812,0.0,0,1724961727317,1028,0.0
1724961727,1.10809,1.10813,0.0,0,1724961727802,1028,0.0
1724961728,1.1081,1.10813,0.0,0,1724961728005,1154,0.0
1724961728,1.10809,1.10813,0.0,0,1724961728105,1154,0.0
1724961728,1.1081,1.10813,0.0,0,1724961728347,1154,0.0
1724961728,1.1081,1.10814,0.0,0,1724961728518,1028,0.0
1724961728,1.10812,1.10815,0.0,0,1724961728621,1158,0.0
1724961728,1.10813,1.10817,0.0,0,1724961728720,1158,0.0
1724961728,1.10814,1.10818,0.0,0,1724961728882,1158,0.0
1724961728,1.10817,1.10821,0.0,0,1724961728982,1158,0.0
1724961729,1.10818,1.10821,0.0,0,1724961729409,1154,0.0
1724961729,1.1082,1.10824,0.0,0,1724961729495,1158,0.0
1724961729,1.1082,1.10823,0.0,0,1724961729816,1028,0.0
1724961729,1.10816,1.10819,0.0,0,1724961729919,1158,0.0
1724961730,1.10815,1.10819,0.0,0,1724961730568,1154,0.0
1724961730,1.10816,1.1082,0.0,0,1724961730889,1158,0.0
1724961730,1.10817,1.10821,0.0,0,1724961730987,1158,0.0
1724961732,1.10819,1.10822,0.0,0,1724961732019,1158,0.0
1724961732,1.10818,1.10822,0.0,0,1724961732199,1154,0.0
1724961732,1.10819,1.10822,0.0,0,1724961732827,1154,0.0
1724961732,1.10819,1.10823,0.0,0,1724961732925,1028,0.0
1724961733,1.10819,1.10822,0.0,0,1724961733026,1028,0.0
1724961733,1.10818,1.10822,0.0,0,1724961733129,1154,0.0
1724961733,1.10819,1.10822,0.0,0,1724961733702,1154,0.0
1724961734,1.10819,1.10823,0.0,0,1724961734025,1028,0.0
1724961734,1.1082,1.10823,0.0,0,1724961734409,1154,0.0
1724961735,1.10819,1.10822,0.0,0,1724961735081,1158,0.0
1724961735,1.10818,1.10822,0.0,0,1724961735181,1154,0.0
1724961735,1.10819,1.10822,0.0,0,1724961735382,1154,0.0
1724961736,1.10819,1.10823,0.0,0,1724961736180,1028,0.0
1724961737,1.10819,1.10822,0.0,0,1724961737280,1028,0.0
1724961737,1.10815,1.10818,0.0,0,1724961737385,1158,0.0
1724961737,1.10813,1.10817,0.0,0,1724961737479,1158,0.0
1724961738,1.10813,1.10816,0.0,0,1724961738308,1028,0.0
1724961738,1.10813,1.10817,0.0,0,1724961738517,1028,0.0
1724961738,1.10814,1.10818,0.0,0,1724961738617,1158,0.0
1724961738,1.10814,1.10817,0.0,0,1724961738780,1028,0.0
1724961738,1.10813,1.10816,0.0,0,1724961738973,1158,0.0
1724961739,1.10813,1.10817,0.0,0,1724961739173,1028,0.0
1724961739,1.10814,1.10817,0.0,0,1724961739274,1154,0.0
1724961739,1.10814,1.10818,0.0,0,1724961739886,1028,0.0
1724961739,1.10814,1.10817,0.0,0,1724961739985,1028,0.0
1724961740,1.10813,1.10817,0.0,0,1724961740085,1154,0.0
1724961741,1.10813,1.10816,0.0,0,1724961741733,1028,0.0
1724961741,1.10812,1.10814,0.0,0,1724961741980,1158,0.0
1724961741,1.10812,1.10815,0.0,0,1724961741986,1028,0.0
1724961742,1.10813,1.10815,0.0,0,1724961742015,1154,0.0
1724961742,1.10812,1.10815,0.0,0,1724961742055,1154,0.0
1724961742,1.10812,1.10814,0.0,0,1724961742116,1028,0.0
1724961742,1.10811,1.10814,0.0,0,1724961742146,1154,0.0
1724961742,1.10812,1.10814,0.0,0,1724961742168,1154,0.0
1724961742,1.10811,1.10814,0.0,0,1724961742388,1154,0.0
1724961742,1.10812,1.10814,0.0,0,1724961742448,1154,0.0
1724961742,1.10811,1.10814,0.0,0,1724961742821,1154,0.0
1724961742,1.10812,1.10814,0.0,0,1724961742864,1154,0.0
1724961742,1.10813,1.10816,0.0,0,1724961742875,1158,0.0
1724961742,1.10813,1.10815,0.0,0,1724961742893,1028,0.0
1724961742,1.10813,1.10816,0.0,0,1724961742904,1028,0.0
1724961742,1.10813,1.10815,0.0,0,1724961742925,1028,0.0
1724961742,1.10814,1.10816,0.0,0,1724961742986,1158,0.0
1724961743,1.10814,1.10817,0.0,0,1724961743224,1028,0.0
1724961743,1.10815,1.10818,0.0,0,1724961743236,1158,0.0
1724961743,1.10815,1.10817,0.0,0,1724961743447,1028,0.0
1724961743,1.10814,1.10817,0.0,0,1724961743468,1154,0.0
1724961743,1.10815,1.10817,0.0,0,1724961743719,1154,0.0
1724961743,1.10815,1.10818,0.0,0,1724961743759,1028,0.0
1724961743,1.10815,1.10817,0.0,0,1724961743850,1028,0.0
1724961743,1.10814,1.10817,0.0,0,1724961743869,1154,0.0
1724961743,1.10815,1.10817,0.0,0,1724961743949,1154,0.0
1724961744,1.10814,1.10817,0.0,0,1724961744061,1154,0.0
1724961744,1.10815,1.10817,0.0,0,1724961744362,1154,0.0
1724961744,1.10814,1.10817,0.0,0,1724961744534,1154,0.0
1724961744,1.10813,1.10816,0.0,0,1724961744849,1158,0.0
1724961744,1.10814,1.10816,0.0,0,1724961744859,1154,0.0
1724961745,1.10813,1.10816,0.0,0,1724961745403,1154,0.0
1724961745,1.10813,1.10815,0.0,0,1724961745413,1028,0.0
1724961748,1.10814,1.10816,0.0,0,1724961748210,1158,0.0
1724961748,1.10815,1.10817,0.0,0,1724961748242,1158,0.0
1724961748,1.10816,1.10818,0.0,0,1724961748965,1158,0.0
1724961748,1.10817,1.10819,0.0,0,1724961748997,1158,0.0
1724961749,1.10816,1.10818,0.0,0,1724961749148,1158,0.0
1724961749,1.10816,1.10819,0.0,0,1724961749249,1028,0.0
1724961749,1.10817,1.10819,0.0,0,1724961749349,1154,0.0
1724961749,1.10816,1.10819,0.0,0,1724961749534,1154,0.0
1724961749,1.10816,1.10818,0.0,0,1724961749709,1028,0.0
1724961749,1.1082,1.10822,0.0,0,1724961749807,1158,0.0
1724961749,1.10822,1.10824,0.0,0,1724961749908,1158,0.0
1724961750,1.10821,1.10824,0.0,0,1724961750008,1154,0.0
1724961750,1.10822,1.10825,0.0,0,1724961750117,1158,0.0
1724961750,1.10823,1.10826,0.0,0,1724961750218,1158,0.0
1724961750,1.10823,1.10825,0.0,0,1724961750418,1028,0.0
1724961751,1.10824,1.10827,0.0,0,1724961751809,1158,0.0
1724961751,1.10825,1.10828,0.0,0,1724961751909,1158,0.0
1724961752,1.10824,1.10826,0.0,0,1724961752009,1158,0.0
1724961752,1.10823,1.10826,0.0,0,1724961752110,1154,0.0
1724961752,1.10822,1.10825,0.0,0,1724961752251,1158,0.0
1724961752,1.10819,1.10822,0.0,0,1724961752347,1158,0.0
1724961752,1.10819,1.10821,0.0,0,1724961752444,1028,0.0
1724961752,1.10818,1.10821,0.0,0,1724961752544,1154,0.0
1724961752,1.10819,1.10821,0.0,0,1724961752646,1154,0.0
1724961752,1.10819,1.10822,0.0,0,1724961752744,1028,0.0
1724961752,1.1082,1.10823,0.0,0,1724961752845,1158,0.0
1724961753,1.10821,1.10823,0.0,0,1724961753592,1154,0.0
1724961753,1.10821,1.10824,0.0,0,1724961753691,1028,0.0
1724961753,1.10821,1.10823,0.0,0,1724961753794,1028,0.0
1724961753,1.1082,1.10823,0.0,0,1724961753892,1154,0.0
1724961755,1.10821,1.10824,0.0,0,1724961755129,1158,0.0
1724961755,1.10821,1.10823,0.0,0,1724961755225,1028,0.0
1724961755,1.10821,1.10824,0.0,0,1724961755325,1028,0.0
1724961755,1.10821,1.10823,0.0,0,1724961755427,1028,0.0
1724961755,1.1082,1.10823,0.0,0,1724961755647,1154,0.0
1724961756,1.10821,1.10824,0.0,0,1724961756142,1158,0.0
1724961756,1.10821,1.10823,0.0,0,1724961756240,1028,0.0
1724961756,1.1082,1.10823,0.0,0,1724961756344,1154,0.0
1724961759,1.10822,1.10824,0.0,0,1724961759142,1158,0.0
1724961759,1.10823,1.10825,0.0,0,1724961759164,1158,0.0
1724961759,1.10824,1.10826,0.0,0,1724961759202,1158,0.0
1724961759,1.10823,1.10825,0.0,0,1724961759303,1158,0.0
1724961759,1.10824,1.10826,0.0,0,1724961759452,1158,0.0
1724961759,1.10823,1.10825,0.0,0,1724961759473,1158,0.0
1724961759,1.10824,1.10826,0.0,0,1724961759815,1158,0.0
1724961760,1.10825,1.10827,0.0,0,1724961760886,1158,0.0
1724961761,1.10824,1.10826,0.0,0,1724961761082,1158,0.0
1724961761,1.10825,1.10827,0.0,0,1724961761155,1158,0.0
1724961761,1.10824,1.10826,0.0,0,1724961761173,1158,0.0
1724961761,1.10825,1.10827,0.0,0,1724961761397,1158,0.0
1724961762,1.10826,1.10828,0.0,0,1724961762999,1158,0.0
1724961763,1.10827,1.10829,0.0,0,1724961763037,1158,0.0
1724961763,1.10826,1.10828,0.0,0,1724961763127,1158,0.0
1724961763,1.10827,1.10829,0.0,0,1724961763370,1158,0.0
1724961763,1.10826,1.10828,0.0,0,1724961763460,1158,0.0
1724961763,1.10827,1.10829,0.0,0,1724961763582,1158,0.0
1724961763,1.10826,1.10828,0.0,0,1724961763601,1158,0.0
1724961765,1.10827,1.10829,0.0,0,1724961765003,1158,0.0
1724961765,1.10826,1.10828,0.0,0,1724961765429,1158,0.0
1724961765,1.10827,1.10829,0.0,0,1724961765625,1158,0.0
1724961765,1.10826,1.10828,0.0,0,1724961765708,1158,0.0
1724961765,1.10827,1.10829,0.0,0,1724961765777,1158,0.0
1724961765,1.10826,1.10828,0.0,0,1724961765796,1158,0.0
1724961765,1.10827,1.10829,0.0,0,1724961765878,1158,0.0
1724961766,1.10826,1.10828,0.0,0,1724961766171,1158,0.0
1724961766,1.10827,1.10829,0.0,0,1724961766344,1158,0.0
1724961766,1.10826,1.10828,0.0,0,1724961766471,1158,0.0
1724961767,1.10825,1.10827,0.0,0,1724961767079,1158,0.0
1724961767,1.10826,1.10828,0.0,0,1724961767120,1158,0.0
1724961768,1.10825,1.10827,0.0,0,1724961768490,1158,0.0
1724961768,1.10824,1.10826,0.0,0,1724961768499,1158,0.0
1724961768,1.10823,1.10825,0.0,0,1724961768537,1158,0.0
1724961768,1.10822,1.10824,0.0,0,1724961768829,1158,0.0
1724961768,1.10821,1.10823,0.0,0,1724961768842,1158,0.0
1724961769,1.10822,1.10824,0.0,0,1724961769204,1158,0.0
1724961769,1.10822,1.10825,0.0,0,1724961769587,1028,0.0
1724961769,1.10823,1.10826,0.0,0,1724961769686,1158,0.0
1724961770,1.10824,1.10826,0.0,0,1724961770099,1154,0.0
1724961770,1.10823,1.10826,0.0,0,1724961770332,1154,0.0
1724961770,1.10824,1.10826,0.0,0,1724961770433,1154,0.0
1724961770,1.10823,1.10826,0.0,0,1724961770535,1154,0.0
1724961771,1.10823,1.10825,0.0,0,1724961771429,1028,0.0
1724961771,1.10822,1.10825,0.0,0,1724961771528,1154,0.0
1724961771,1.10822,1.10824,0.0,0,1724961771883,1028,0.0
1724961771,1.10822,1.10825,0.0,0,1724961771982,1028,0.0
1724961772,1.10823,1.10825,0.0,0,1724961772258,1154,0.0
1724961772,1.10823,1.10826,0.0,0,1724961772355,1028,0.0
1724961772,1.10824,1.10827,0.0,0,1724961772457,1158,0.0
1724961772,1.10825,1.10827,0.0,0,1724961772555,1154,0.0
1724961773,1.10824,1.10827,0.0,0,1724961773160,1154,0.0
1724961773,1.10825,1.10828,0.0,0,1724961773473,1158,0.0
1724961773,1.10828,1.10831,0.0,0,1724961773573,1158,0.0
1724961773,1.10828,1.1083,0.0,0,1724961773696,1028,0.0
1724961774,1.10828,1.10831,0.0,0,1724961774041,1028,0.0
1724961774,1.10828,1.1083,0.0,0,1724961774142,1028,0.0
1724961776,1.10829,1.10831,0.0,0,1724961776401,1158,0.0
1724961776,1.10831,1.10834,0.0,0,1724961776500,1158,0.0
1724961776,1.10831,1.10833,0.0,0,1724961776601,1028,0.0
1724961776,1.1083,1.10832,0.0,0,1724961776779,1158,0.0
1724961776,1.10829,1.10832,0.0,0,1724961776879,1154,0.0
1724961777,1.1083,1.10832,0.0,0,1724961777133,1154,0.0
1724961777,1.1083,1.10833,0.0,0,1724961777231,1028,0.0
1724961777,1.10829,1.10832,0.0,0,1724961777333,1158,0.0
1724961777,1.10829,1.10831,0.0,0,1724961777463,1028,0.0
1724961777,1.10829,1.10832,0.0,0,1724961777725,1028,0.0
1724961777,1.10829,1.10831,0.0,0,1724961777826,1028,0.0
1724961778,1.10829,1.10832,0.0,0,1724961778119,1028,0.0
1724961778,1.10829,1.10831,0.0,0,1724961778218,1028,0.0
1724961778,1.10829,1.10832,0.0,0,1724961778319,1028,0.0
1724961779,1.10829,1.10831,0.0,0,1724961779104,1028,0.0
1724961779,1.10829,1.10832,0.0,0,1724961779276,1028,0.0
1724961779,1.1083,1.10832,0.0,0,1724961779375,1154,0.0
1724961779,1.10829,1.10832,0.0,0,1724961779477,1154,0.0
1724961779,1.10829,1.10831,0.0,0,1724961779791,1028,0.0
1724961779,1.10827,1.1083,0.0,0,1724961779890,1158,0.0
1724961780,1.10829,1.10831,0.0,0,1724961780878,1158,0.0
1724961781,1.10828,1.1083,0.0,0,1724961781099,1158,0.0
1724961781,1.10827,1.10829,0.0,0,1724961781120,1158,0.0
1724961781,1.10826,1.10828,0.0,0,1724961781180,1158,0.0
1724961781,1.10827,1.10829,0.0,0,1724961781735,1158,0.0
1724961781,1.10826,1.10828,0.0,0,1724961781935,1158,0.0
1724961781,1.10827,1.10829,0.0,0,1724961781958,1158,0.0
1724961781,1.10826,1.10828,0.0,0,1724961781975,1158,0.0
1724961782,1.10827,1.10829,0.0,0,1724961782097,1158,0.0
1724961782,1.10826,1.10828,0.0,0,1724961782499,1158,0.0
1724961782,1.10825,1.10827,0.0,0,1724961782509,1158,0.0
1724961782,1.10823,1.10825,0.0,0,1724961782523,1158,0.0
1724961782,1.10822,1.10824,0.0,0,1724961782539,1158,0.0
1724961782,1.10821,1.10823,0.0,0,1724961782564,1158,0.0
1724961782,1.1082,1.10822,0.0,0,1724961782629,1158,0.0
1724961782,1.10821,1.10823,0.0,0,1724961782947,1158,0.0
1724961783,1.10819,1.10823,0.0,0,1724961783396,1154,0.0
1724961783,1.10818,1.10822,0.0,0,1724961783494,1158,0.0
1724961783,1.10818,1.10821,0.0,0,1724961783718,1028,0.0
1724961783,1.10817,1.1082,0.0,0,1724961783814,1158,0.0
1724961783,1.10817,1.10821,0.0,0,1724961783915,1028,0.0
1724961784,1.10818,1.10821,0.0,0,1724961784032,1154,0.0
1724961784,1.10817,1.10821,0.0,0,1724961784202,1154,0.0
1724961786,1.10818,1.10821,0.0,0,1724961786089,1154,0.0
1724961786,1.10818,1.1082,0.0,0,1724961786270,1028,0.0
1724961789,1.10818,1.10821,0.0,0,1724961789163,1028,0.0
1724961789,1.10819,1.10821,0.0,0,1724961789261,1154,0.0
1724961789,1.10819,1.10822,0.0,0,1724961789370,1028,0.0
1724961789,1.10819,1.10821,0.0,0,1724961789537,1028,0.0
1724961789,1.10818,1.10821,0.0,0,1724961789710,1154,0.0
1724961789,1.10818,1.1082,0.0,0,1724961789809,1028,0.0
1724961790,1.10819,1.10821,0.0,0,1724961790839,1158,0.0
1724961796,1.10821,1.10823,0.0,0,1724961796068,1158,0.0
1724961796,1.10822,1.10824,0.0,0,1724961796943,1158,0.0
1724961797,1.10823,1.10825,0.0,0,1724961797598,1158,0.0
1724961797,1.10822,1.10824,0.0,0,1724961797729,1158,0.0
1724961797,1.10823,1.10825,0.0,0,1724961797740,1158,0.0
1724961798,1.10822,1.10824,0.0,0,1724961798112,1158,0.0
1724961798,1.10821,1.10823,0.0,0,1724961798233,1158,0.0
1724961798,1.10822,1.10824,0.0,0,1724961798717,1158,0.0
1724961798,1.10821,1.10823,0.0,0,1724961798897,1158,0.0
1724961799,1.1082,1.10822,0.0,0,1724961799038,1158,0.0
1724961799,1.10819,1.10821,0.0,0,1724961799048,1158,0.0
1724961800,1.10819,1.10822,0.0,0,1724961800112,1028,0.0
1724961800,1.1082,1.10822,0.0,0,1724961800833,1154,0.0
1724961800,1.10821,1.10824,0.0,0,1724961800932,1158,0.0
1724961801,1.10819,1.10822,0.0,0,1724961801032,1158,0.0
1724961801,1.1082,1.10822,0.0,0,1724961801125,1154,0.0
1724961803,1.10819,1.10821,0.0,0,1724961803907,1158,0.0
1724961804,1.1082,1.10822,0.0,0,1724961804048,1158,0.0
1724961804,1.10819,1.10821,0.0,0,1724961804638,1158,0.0
1724961805,1.1082,1.10822,0.0,0,1724961805746,1158,0.0
1724961805,1.10819,1.10821,0.0,0,1724961805955,1158,0.0
1724961806,1.1082,1.10822,0.0,0,1724961806199,1158,0.0
1724961806,1.10819,1.10821,0.0,0,1724961806440,1158,0.0
1724961806,1.1082,1.10822,0.0,0,1724961806490,1158,0.0
1724961806,1.10819,1.10821,0.0,0,1724961806884,1158,0.0
1724961808,1.10817,1.10819,0.0,0,1724961808931,1158,0.0
1724961808,1.10816,1.10818,0.0,0,1724961808981,1158,0.0
1724961808,1.10817,1.10819,0.0,0,1724961808990,1158,0.0
1724961809,1.10816,1.10818,0.0,0,1724961809018,1158,0.0
1724961809,1.10815,1.10817,0.0,0,1724961809112,1158,0.0
1724961809,1.10814,1.10816,0.0,0,1724961809120,1158,0.0
1724961809,1.10813,1.10815,0.0,0,1724961809163,1158,0.0
1724961809,1.10814,1.10816,0.0,0,1724961809435,1158,0.0
1724961810,1.10814,1.10817,0.0,0,1724961810106,1028,0.0
1724961810,1.10815,1.10818,0.0,0,1724961810693,1158,0.0
1724961810,1.10816,1.10819,0.0,0,1724961810794,1158,0.0
1724961810,1.10816,1.1082,0.0,0,1724961810898,1028,0.0
1724961810,1.10816,1.10819,0.0,0,1724961810993,1028,0.0
1724961811,1.10816,1.1082,0.0,0,1724961811093,1028,0.0
1724961811,1.10817,1.1082,0.0,0,1724961811537,1154,0.0
1724961811,1.10819,1.10823,0.0,0,1724961811639,1158,0.0
1724961811,1.10819,1.10822,0.0,0,1724961811780,1028,0.0
1724961811,1.10818,1.10821,0.0,0,1724961811881,1158,0.0
1724961812,1.10818,1.10822,0.0,0,1724961812495,1028,0.0
1724961812,1.10817,1.10821,0.0,0,1724961812598,1158,0.0
1724961812,1.10818,1.10821,0.0,0,1724961812938,1154,0.0
1724961813,1.10817,1.10821,0.0,0,1724961813038,1154,0.0
1724961813,1.10818,1.10821,0.0,0,1724961813846,1154,0.0
1724961813,1.1082,1.10822,0.0,0,1724961813950,1158,0.0
1724961814,1.1082,1.10823,0.0,0,1724961814088,1028,0.0
1724961814,1.10821,1.10823,0.0,0,1724961814933,1154,0.0
1724961815,1.10821,1.10824,0.0,0,1724961815509,1028,0.0
1724961815,1.1082,1.10823,0.0,0,1724961815611,1158,0.0
1724961815,1.10819,1.10821,0.0,0,1724961815710,1158,0.0
1724961815,1.10819,1.10822,0.0,0,1724961815891,1028,0.0
1724961816,1.10819,1.10821,0.0,0,1724961816273,1028,0.0
1724961816,1.10819,1.10822,0.0,0,1724961816455,1028,0.0
1724961817,1.10819,1.10821,0.0,0,1724961817494,1028,0.0
1724961817,1.10819,1.10822,0.0,0,1724961817593,1028,0.0
1724961817,1.10819,1.10821,0.0,0,1724961817957,1028,0.0
1724961818,1.10818,1.10821,0.0,0,1724961818058,1154,0.0
1724961820,1.10818,1.1082,0.0,0,1724961820808,1028,0.0
1724961820,1.10819,1.10821,0.0,0,1724961820859,1158,0.0
1724961821,1.10818,1.1082,0.0,0,1724961821302,1158,0.0
1724961821,1.10819,1.10821,0.0,0,1724961821323,1158,0.0
1724961826,1.10818,1.1082,0.0,0,1724961826517,1158,0.0
1724961826,1.10819,1.10821,0.0,0,1724961826526,1158,0.0
1724961826,1.10818,1.1082,0.0,0,1724961826687,1158,0.0
1724961828,1.10817,1.10819,0.0,0,1724961828813,1158,0.0
1724961828,1.10816,1.10818,0.0,0,1724961828824,1158,0.0
1724961828,1.10815,1.10817,0.0,0,1724961828853,1158,0.0
1724961828,1.10816,1.10818,0.0,0,1724961828943,1158,0.0
1724961829,1.10817,1.10819,0.0,0,1724961829008,1158,0.0
1724961829,1.10816,1.10818,0.0,0,1724961829074,1158,0.0
1724961829,1.10817,1.10819,0.0,0,1724961829093,1158,0.0
1724961829,1.10816,1.10818,0.0,0,1724961829317,1158,0.0
1724961829,1.10815,1.10817,0.0,0,1724961829436,1158,0.0
1724961831,1.10816,1.10818,0.0,0,1724961831124,1158,0.0
1724961831,1.10815,1.10817,0.0,0,1724961831212,1158,0.0
1724961831,1.10816,1.10818,0.0,0,1724961831535,1158,0.0
1724961831,1.10815,1.10817,0.0,0,1724961831664,1158,0.0
1724961831,1.10813,1.10815,0.0,0,1724961831827,1158,0.0
1724961832,1.10812,1.10814,0.0,0,1724961832141,1158,0.0
1724961832,1.10811,1.10813,0.0,0,1724961832180,1158,0.0
1724961833,1.10812,1.10814,0.0,0,1724961833421,1158,0.0
1724961833,1.10813,1.10815,0.0,0,1724961833518,1158,0.0
1724961833,1.10813,1.10816,0.0,0,1724961833834,1028,0.0
1724961833,1.10814,1.10816,0.0,0,1724961833932,1154,0.0
1724961834,1.10814,1.10817,0.0,0,1724961834133,1028,0.0
1724961834,1.10814,1.10816,0.0,0,1724961834234,1028,0.0
1724961834,1.10813,1.10816,0.0,0,1724961834771,1154,0.0
1724961834,1.1081,1.10812,0.0,0,1724961834870,1158,0.0
1724961834,1.10808,1.1081,0.0,0,1724961834972,1158,0.0
1724961835,1.10809,1.10811,0.0,0,1724961835071,1158,0.0
1724961835,1.1081,1.10813,0.0,0,1724961835170,1158,0.0
1724961835,1.1081,1.10814,0.0,0,1724961835314,1028,0.0
1724961835,1.10811,1.10814,0.0,0,1724961835414,1154,0.0
1724961835,1.1081,1.10813,0.0,0,1724961835515,1158,0.0
1724961836,1.10811,1.10814,0.0,0,1724961836130,1158,0.0
1724961836,1.1081,1.10813,0.0,0,1724961836877,1158,0.0
1724961837,1.10811,1.10814,0.0,0,1724961837418,1158,0.0
1724961837,1.10812,1.10815,0.0,0,1724961837517,1158,0.0
1724961837,1.10813,1.10815,0.0,0,1724961837619,1154,0.0
1724961837,1.10813,1.10816,0.0,0,1724961837718,1028,0.0
1724961838,1.10814,1.10816,0.0,0,1724961838095,1154,0.0
1724961838,1.10813,1.10816,0.0,0,1724961838295,1154,0.0
1724961838,1.10812,1.10815,0.0,0,1724961838638,1158,0.0
1724961840,1.10811,1.10815,0.0,0,1724961840048,1154,0.0
1724961840,1.10812,1.10816,0.0,0,1724961840522,1158,0.0
1724961844,1.10814,1.10816,0.0,0,1724961844696,1154,0.0
1724961844,1.10815,1.10817,0.0,0,1724961844877,1158,0.0
1724961845,1.10814,1.10816,0.0,0,1724961845399,1158,0.0
1724961845,1.10813,1.10815,0.0,0,1724961845437,1158,0.0
1724961845,1.10814,1.10816,0.0,0,1724961845456,1158,0.0
1724961847,1.10813,1.10816,0.0,0,1724961847199,1154,0.0
1724961847,1.10814,1.10816,0.0,0,1724961847299,1154,0.0
1724961849,1.10815,1.10817,0.0,0,1724961849181,1158,0.0
1724961849,1.10816,1.10818,0.0,0,1724961849204,1158,0.0
1724961849,1.10815,1.10817,0.0,0,1724961849243,1158,0.0
1724961850,1.10816,1.10818,0.0,0,1724961850111,1158,0.0
1724961850,1.10817,1.10819,0.0,0,1724961850120,1158,0.0
1724961850,1.10818,1.1082,0.0,0,1724961850140,1158,0.0
1724961853,1.10817,1.10819,0.0,0,1724961853758,1158,0.0
1724961853,1.10816,1.10818,0.0,0,1724961853776,1158,0.0
1724961853,1.10817,1.10819,0.0,0,1724961853905,1158,0.0
1724961854,1.10816,1.10818,0.0,0,1724961854702,1158,0.0
1724961855,1.10817,1.10819,0.0,0,1724961855447,1158,0.0
1724961855,1.10816,1.10818,0.0,0,1724961855893,1158,0.0
1724961856,1.10817,1.10819,0.0,0,1724961856772,1158,0.0
1724961857,1.10818,1.1082,0.0,0,1724961857246,1158,0.0
1724961858,1.10817,1.10819,0.0,0,1724961858252,1158,0.0
1724961862,1.10816,1.10818,0.0,0,1724961862897,1158,0.0
1724961862,1.10815,1.10817,0.0,0,1724961862922,1158,0.0
1724961863,1.10816,1.10818,0.0,0,1724961863324,1158,0.0
1724961863,1.10817,1.10819,0.0,0,1724961863349,1158,0.0
1724961863,1.10818,1.1082,0.0,0,1724961863771,1158,0.0
1724961864,1.10817,1.10819,0.0,0,1724961864467,1158,0.0
1724961864,1.10818,1.1082,0.0,0,1724961864620,1158,0.0
1724961867,1.10817,1.10819,0.0,0,1724961867387,1158,0.0
1724961867,1.10816,1.10818,0.0,0,1724961867529,1158,0.0
1724961867,1.10817,1.10819,0.0,0,1724961867688,1158,0.0
1724961872,1.10818,1.1082,0.0,0,1724961872150,1158,0.0
1724961872,1.10819,1.10821,0.0,0,1724961872159,1158,0.0
1724961872,1.1082,1.10822,0.0,0,1724961872187,1158,0.0
1724961872,1.10819,1.10821,0.0,0,1724961872321,1158,0.0
1724961872,1.1082,1.10822,0.0,0,1724961872616,1158,0.0
1724961872,1.10819,1.10821,0.0,0,1724961872906,1158,0.0
1724961873,1.1082,1.10822,0.0,0,1724961873158,1158,0.0
1724961873,1.10821,1.10823,0.0,0,1724961873217,1158,0.0
1724961873,1.10822,1.10824,0.0,0,1724961873240,1158,0.0
1724961873,1.10821,1.10823,0.0,0,1724961873269,1158,0.0
1724961873,1.1082,1.10822,0.0,0,1724961873288,1158,0.0
1724961873,1.10819,1.10821,0.0,0,1724961873318,1158,0.0
1724961881,1.10818,1.1082,0.0,0,1724961881818,1158,0.0
1724961881,1.10816,1.10818,0.0,0,1724961881856,1158,0.0
1724961881,1.10815,1.10817,0.0,0,1724961881918,1158,0.0
1724961882,1.10816,1.10818,0.0,0,1724961882071,1158,0.0
1724961882,1.10815,1.10817,0.0,0,1724961882849,1158,0.0
1724961882,1.10814,1.10816,0.0,0,1724961882867,1158,0.0
1724961882,1.10815,1.10817,0.0,0,1724961882913,1158,0.0
1724961883,1.10814,1.10816,0.0,0,1724961883300,1158,0.0
1724961883,1.10814,1.10817,0.0,0,1724961883401,1028,0.0
1724961883,1.10814,1.10816,0.0,0,1724961883854,1028,0.0
1724961883,1.10814,1.10817,0.0,0,1724961883953,1028,0.0
1724961884,1.10815,1.10817,0.0,0,1724961884056,1154,0.0
1724961884,1.10815,1.10818,0.0,0,1724961884982,1028,0.0
1724961885,1.10816,1.10819,0.0,0,1724961885081,1158,0.0
1724961885,1.10816,1.10818,0.0,0,1724961885728,1028,0.0
1724961886,1.10816,1.10819,0.0,0,1724961886112,1028,0.0
1724961886,1.10816,1.10818,0.0,0,1724961886220,1028,0.0
1724961887,1.10815,1.10817,0.0,0,1724961887312,1158,0.0
1724961887,1.10814,1.10816,0.0,0,1724961887412,1158,0.0
1724961887,1.10814,1.10817,0.0,0,1724961887512,1028,0.0
1724961887,1.10814,1.10816,0.0,0,1724961887634,1028,0.0
1724961887,1.10814,1.10817,0.0,0,1724961887893,1028,0.0
1724961888,1.10815,1.10817,0.0,0,1724961888102,1154,0.0
1724961888,1.10816,1.10818,0.0,0,1724961888201,1158,0.0
1724961890,1.10816,1.10819,0.0,0,1724961890230,1028,0.0
1724961891,1.10817,1.10819,0.0,0,1724961891098,1154,0.0
1724961891,1.10817,1.1082,0.0,0,1724961891199,1028,0.0
1724961891,1.10816,1.10819,0.0,0,1724961891342,1158,0.0
1724961891,1.10817,1.10819,0.0,0,1724961891844,1154,0.0
1724961891,1.10817,1.1082,0.0,0,1724961891944,1028,0.0
1724961893,1.10818,1.1082,0.0,0,1724961893063,1154,0.0
1724961893,1.10817,1.1082,0.0,0,1724961893164,1154,0.0
1724961893,1.10818,1.1082,0.0,0,1724961893326,1154,0.0
1724961893,1.10819,1.10821,0.0,0,1724961893426,1158,0.0
1724961894,1.10819,1.10822,0.0,0,1724961894353,1028,0.0
1724961895,1.10819,1.10821,0.0,0,1724961895855,1028,0.0
1724961895,1.10818,1.10821,0.0,0,1724961895956,1154,0.0
1724961896,1.10819,1.10821,0.0,0,1724961896054,1154,0.0
1724961896,1.10818,1.1082,0.0,0,1724961896258,1158,0.0
1724961896,1.10818,1.10821,0.0,0,1724961896357,1028,0.0
1724961897,1.10819,1.10822,0.0,0,1724961897991,1158,0.0
1724961898,1.1082,1.10822,0.0,0,1724961898394,1154,0.0
1724961898,1.10819,1.10822,0.0,0,1724961898493,1154,0.0
1724961900,1.1082,1.10822,0.0,0,1724961900085,1154,0.0
1724961900,1.10821,1.10823,0.0,0,1724961900095,1158,0.0
1724961900,1.10822,1.10824,0.0,0,1724961900126,1158,0.0
1724961902,1.10822,1.10825,0.0,0,1724961902380,1028,0.0
1724961902,1.10823,1.10826,0.0,0,1724961902481,1158,0.0
1724961904,1.10824,1.10826,0.0,0,1724961904171,1154,0.0
1724961904,1.10823,1.10826,0.0,0,1724961904270,1154,0.0
1724961907,1.10825,1.10827,0.0,0,1724961907188,1158,0.0
1724961907,1.10824,1.10826,0.0,0,1724961907236,1158,0.0
1724961908,1.10825,1.10827,0.0,0,1724961908042,1158,0.0
1724961909,1.10824,1.10826,0.0,0,1724961909049,1158,0.0
1724961909,1.10825,1.10827,0.0,0,1724961909079,1158,0.0
1724961909,1.10824,1.10826,0.0,0,1724961909119,1158,0.0
1724961909,1.10825,1.10827,0.0,0,1724961909203,1158,0.0
1724961909,1.10824,1.10826,0.0,0,1724961909269,1158,0.0
1724961909,1.10825,1.10827,0.0,0,1724961909332,1158,0.0
1724961909,1.10826,1.10828,0.0,0,1724961909422,1158,0.0
1724961909,1.10825,1.10827,0.0,0,1724961909512,1158,0.0
1724961910,1.10824,1.10826,0.0,0,1724961910962,1158,0.0
1724961912,1.10823,1.10825,0.0,0,1724961912764,1158,0.0
1724961912,1.10823,1.10826,0.0,0,1724961912864,1028,0.0
1724961913,1.10823,1.10825,0.0,0,1724961913736,1028,0.0
1724961913,1.10824,1.10826,0.0,0,1724961913782,1158,0.0
1724961914,1.10823,1.10825,0.0,0,1724961914155,1158,0.0
1724961914,1.10824,1.10826,0.0,0,1724961914285,1158,0.0
1724961914,1.10823,1.10825,0.0,0,1724961914415,1158,0.0
1724961914,1.10824,1.10826,0.0,0,1724961914525,1158,0.0
1724961915,1.10823,1.10825,0.0,0,1724961915252,1158,0.0
1724961915,1.1082,1.10822,0.0,0,1724961915263,1158,0.0
1724961915,1.10819,1.10821,0.0,0,1724961915273,1158,0.0
1724961915,1.10818,1.1082,0.0,0,1724961915292,1158,0.0
1724961915,1.10819,1.10821,0.0,0,1724961915563,1158,0.0
1724961916,1.10819,1.10822,0.0,0,1724961916408,1028,0.0
1724961916,1.10818,1.10821,0.0,0,1724961916520,1158,0.0
1724961917,1.10818,1.10822,0.0,0,1724961917931,1028,0.0
1724961918,1.10819,1.10822,0.0,0,1724961918615,1154,0.0
1724961918,1.1082,1.10823,0.0,0,1724961918715,1158,0.0
1724961918,1.10819,1.10823,0.0,0,1724961918825,1154,0.0
1724961919,1.1082,1.10823,0.0,0,1724961919026,1154,0.0
1724961919,1.10821,1.10824,0.0,0,1724961919553,1158,0.0
1724961919,1.10819,1.10822,0.0,0,1724961919652,1158,0.0
1724961920,1.10818,1.10822,0.0,0,1724961920230,1154,0.0
1724961920,1.10818,1.10821,0.0,0,1724961920972,1028,0.0
1724961924,1.10817,1.10821,0.0,0,1724961924405,1154,0.0
1724961929,1.10819,1.10821,0.0,0,1724961929311,1154,0.0
1724961929,1.10818,1.1082,0.0,0,1724961929459,1158,0.0
1724961929,1.10819,1.10821,0.0,0,1724961929898,1158,0.0
1724961930,1.10818,1.1082,0.0,0,1724961930104,1158,0.0
1724961930,1.10819,1.10821,0.0,0,1724961930246,1158,0.0
1724961930,1.10818,1.1082,0.0,0,1724961930277,1158,0.0
1724961930,1.10819,1.10821,0.0,0,1724961930535,1158,0.0
1724961931,1.10818,1.1082,0.0,0,1724961931525,1158,0.0
1724961932,1.10819,1.10821,0.0,0,1724961932534,1158,0.0
1724961932,1.10818,1.1082,0.0,0,1724961932591,1158,0.0
1724961933,1.10819,1.10821,0.0,0,1724961933690,1158,0.0
1724961933,1.1082,1.10822,0.0,0,1724961933851,1158,0.0
1724961933,1.10819,1.10821,0.0,0,1724961933860,1158,0.0
1724961934,1.1082,1.10822,0.0,0,1724961934126,1158,0.0
1724961934,1.10819,1.10821,0.0,0,1724961934193,1158,0.0
1724961936,1.1082,1.10822,0.0,0,1724961936450,1158,0.0
1724961937,1.10821,1.10823,0.0,0,1724961937190,1158,0.0
1724961938,1.1082,1.10822,0.0,0,1724961938736,1158,0.0
1724961940,1.10821,1.10823,0.0,0,1724961940298,1158,0.0
1724961940,1.1082,1.10822,0.0,0,1724961940366,1158,0.0
1724961940,1.10819,1.10821,0.0,0,1724961940472,1158,0.0
1724961941,1.10819,1.10822,0.0,0,1724961941416,1028,0.0
1724961941,1.1082,1.10822,0.0,0,1724961941767,1154,0.0
1724961941,1.1082,1.10823,0.0,0,1724961941907,1028,0.0
1724961942,1.10821,1.10824,0.0,0,1724961942007,1158,0.0
1724961943,1.1082,1.10824,0.0,0,1724961943143,1154,0.0
1724961943,1.10821,1.10824,0.0,0,1724961943461,1154,0.0
1724961943,1.1082,1.10824,0.0,0,1724961943610,1154,0.0
1724961943,1.10821,1.10824,0.0,0,1724961943745,1154,0.0
1724961944,1.10821,1.10823,0.0,0,1724961944097,1028,0.0
1724961944,1.10821,1.10824,0.0,0,1724961944526,1028,0.0
1724961944,1.10821,1.10823,0.0,0,1724961944976,1028,0.0
1724961945,1.10821,1.10824,0.0,0,1724961945643,1028,0.0
1724961945,1.10821,1.10823,0.0,0,1724961945786,1028,0.0
1724961946,1.10821,1.10824,0.0,0,1724961946980,1028,0.0
1724961947,1.10821,1.10823,0.0,0,1724961947481,1028,0.0
1724961949,1.1082,1.10822,0.0,0,1724961949590,1158,0.0
1724961949,1.10819,1.10821,0.0,0,1724961949591,1158,0.0
1724961955,1.10818,1.1082,0.0,0,1724961955554,1158,0.0
1724961955,1.10818,1.10821,0.0,0,1724961955652,1028,0.0
1724961958,1.10818,1.1082,0.0,0,1724961958700,1028,0.0
1724961960,1.10819,1.10821,0.0,0,1724961960146,1158,0.0
1724961960,1.1082,1.10822,0.0,0,1724961960223,1158,0.0
1724961960,1.10821,1.10823,0.0,0,1724961960346,1158,0.0
1724961960,1.10822,1.10824,0.0,0,1724961960379,1158,0.0
1724961960,1.10823,1.10825,0.0,0,1724961960547,1158,0.0
1724961960,1.10822,1.10824,0.0,0,1724961960936,1158,0.0
1724961961,1.10823,1.10825,0.0,0,1724961961080,1158,0.0
1724961961,1.10824,1.10826,0.0,0,1724961961518,1158,0.0
1724961962,1.10823,1.10827,0.0,0,1724961962322,1158,0.0
1724961962,1.10824,1.10827,0.0,0,1724961962372,1154,0.0
1724961962,1.10823,1.10827,0.0,0,1724961962464,1154,0.0
1724961962,1.10824,1.10827,0.0,0,1724961962635,1154,0.0
1724961963,1.10823,1.10827,0.0,0,1724961963786,1154,0.0
1724961963,1.10824,1.10827,0.0,0,1724961963886,1154,0.0
1724961963,1.10827,1.1083,0.0,0,1724961963987,1158,0.0
1724961964,1.10826,1.1083,0.0,0,1724961964568,1154,0.0
1724961964,1.10829,1.10832,0.0,0,1724961964667,1158,0.0
1724961964,1.10828,1.10832,0.0,0,1724961964767,1154,0.0
1724961966,1.10829,1.10832,0.0,0,1724961966853,1154,0.0
1724961966,1.1083,1.10833,0.0,0,1724961966954,1158,0.0
1724961967,1.1083,1.10834,0.0,0,1724961967054,1028,0.0
1724961968,1.10831,1.10834,0.0,0,1724961968114,1154,0.0
1724961968,1.1083,1.10834,0.0,0,1724961968212,1154,0.0
1724961969,1.10831,1.10834,0.0,0,1724961969211,1154,0.0
1724961970,1.1083,1.10834,0.0,0,1724961970893,1154,0.0
1724961970,1.10831,1.10834,0.0,0,1724961970993,1154,0.0
1724961972,1.10831,1.10833,0.0,0,1724961972124,1028,0.0
1724961972,1.10831,1.10834,0.0,0,1724961972547,1028,0.0
1724961972,1.10832,1.10835,0.0,0,1724961972566,1158,0.0
1724961972,1.10833,1.10836,0.0,0,1724961972602,1158,0.0
1724961972,1.10835,1.10837,0.0,0,1724961972628,1158,0.0
1724961972,1.10835,1.10838,0.0,0,1724961972666,1028,0.0
1724961972,1.10835,1.10837,0.0,0,1724961972687,1028,0.0
1724961972,1.10835,1.10838,0.0,0,1724961972716,1028,0.0
1724961972,1.10836,1.10839,0.0,0,1724961972737,1158,0.0
1724961972,1.10837,1.10839,0.0,0,1724961972749,1154,0.0
1724961972,1.10836,1.10839,0.0,0,1724961972859,1154,0.0
1724961973,1.10837,1.10839,0.0,0,1724961973031,1154,0.0
1724961973,1.10836,1.1084,0.0,0,1724961973161,1158,0.0
1724961973,1.10837,1.1084,0.0,0,1724961973815,1154,0.0
1724961974,1.10837,1.1084100000000001,0.0,0,1724961974481,1028,0.0
1724961975,1.10838,1.1084100000000001,0.0,0,1724961975107,1154,0.0
1724961975,1.10837,1.1084,0.0,0,1724961975196,1158,0.0
1724961976,1.10837,1.1084100000000001,0.0,0,1724961976918,1028,0.0
1724961977,1.10837,1.1084,0.0,0,1724961977015,1028,0.0
1724961977,1.10837,1.1084100000000001,0.0,0,1724961977188,1028,0.0
1724961977,1.10837,1.1084,0.0,0,1724961977345,1028,0.0
1724961977,1.10836,1.1084,0.0,0,1724961977677,1154,0.0
1724961977,1.10837,1.1084,0.0,0,1724961977891,1154,0.0
1724961978,1.10836,1.1084,0.0,0,1724961978441,1154,0.0
1724961978,1.10837,1.1084,0.0,0,1724961978567,1154,0.0
1724961978,1.10836,1.1084,0.0,0,1724961978695,1154,0.0
1724961979,1.10837,1.1084,0.0,0,1724961979272,1154,0.0
1724961979,1.10836,1.1084,0.0,0,1724961979681,1154,0.0
1724961979,1.10836,1.10839,0.0,0,1724961979767,1028,0.0
1724961979,1.10835,1.10838,0.0,0,1724961979947,1158,0.0
1724961980,1.10835,1.10839,0.0,0,1724961980711,1028,0.0
1724961980,1.10831,1.10834,0.0,0,1724961980858,1158,0.0
1724961981,1.1083,1.10834,0.0,0,1724961981143,1154,0.0
1724961981,1.10831,1.10834,0.0,0,1724961981561,1154,0.0
1724961981,1.10832,1.10836,0.0,0,1724961981765,1158,0.0
1724961981,1.10832,1.10835,0.0,0,1724961981993,1028,0.0
1724961982,1.10831,1.10835,0.0,0,1724961982149,1154,0.0
1724961985,1.10831,1.10834,0.0,0,1724961985322,1028,0.0
1724961985,1.1083,1.10833,0.0,0,1724961985383,1158,0.0
1724961989,1.10831,1.10833,0.0,0,1724961989101,1154,0.0
1724961989,1.10831,1.10834,0.0,0,1724961989123,1028,0.0
1724961989,1.10831,1.10833,0.0,0,1724961989135,1028,0.0
1724961989,1.10832,1.10834,0.0,0,1724961989577,1158,0.0
1724961989,1.10832,1.10835,0.0,0,1724961989655,1028,0.0
1724961989,1.10833,1.10836,0.0,0,1724961989680,1158,0.0
1724961990,1.10832,1.10836,0.0,0,1724961990665,1154,0.0
1724961990,1.10833,1.10836,0.0,0,1724961990846,1154,0.0
1724961991,1.10833,1.10837,0.0,0,1724961991966,1028,0.0
1724961992,1.10833,1.10836,0.0,0,1724961992822,1028,0.0
1724961996,1.10835,1.10837,0.0,0,1724961996974,1158,0.0
1724961999,1.10834,1.10836,0.0,0,1724961999040,1158,0.0
1724961999,1.10833,1.10835,0.0,0,1724961999050,1158,0.0
1724961999,1.10832,1.10834,0.0,0,1724961999059,1158,0.0
1724961999,1.10833,1.10835,0.0,0,1724961999099,1158,0.0
1724961999,1.10834,1.10836,0.0,0,1724961999277,1158,0.0
1724961999,1.10833,1.10835,0.0,0,1724961999307,1158,0.0
1724961999,1.10834,1.10836,0.0,0,1724961999483,1158,0.0
1724961999,1.10833,1.10835,0.0,0,1724961999534,1158,0.0
1724962000,1.10834,1.10836,0.0,0,1724962000812,1158,0.0
1724962000,1.10833,1.10835,0.0,0,1724962000993,1158,0.0
1724962001,1.10834,1.10836,0.0,0,1724962001952,1158,0.0
1724962001,1.10832,1.10834,0.0,0,1724962001981,1158,0.0
1724962002,1.10831,1.10833,0.0,0,1724962002444,1158,0.0
1724962002,1.10832,1.10834,0.0,0,1724962002907,1158,0.0
1724962003,1.10831,1.10833,0.0,0,1724962003027,1158,0.0
1724962003,1.1083,1.10833,0.0,0,1724962003098,1154,0.0
1724962003,1.10831,1.10834,0.0,0,1724962003200,1158,0.0
1724962003,1.1083,1.10834,0.0,0,1724962003320,1154,0.0
1724962003,1.1083,1.10833,0.0,0,1724962003420,1028,0.0
1724962003,1.10831,1.10835,0.0,0,1724962003520,1158,0.0
1724962003,1.10831,1.10834,0.0,0,1724962003642,1028,0.0
1724962003,1.10831,1.10835,0.0,0,1724962003752,1028,0.0
1724962004,1.10831,1.10834,0.0,0,1724962004560,1028,0.0
1724962004,1.10831,1.10835,0.0,0,1724962004699,1028,0.0
1724962004,1.10831,1.10834,0.0,0,1724962004799,1028,0.0
1724962006,1.10832,1.10834,0.0,0,1724962006592,1154,0.0
1724962006,1.10831,1.10834,0.0,0,1724962006690,1154,0.0
1724962006,1.10832,1.10835,0.0,0,1724962006793,1158,0.0
1724962006,1.1083,1.10833,0.0,0,1724962006976,1158,0.0
1724962007,1.10832,1.10834,0.0,0,1724962007831,1158,0.0
1724962008,1.10831,1.10833,0.0,0,1724962008909,1158,0.0
1724962008,1.1083,1.10832,0.0,0,1724962008921,1158,0.0
1724962009,1.10829,1.10831,0.0,0,1724962009030,1158,0.0
1724962010,1.10829,1.10832,0.0,0,1724962010411,1028,0.0
1724962014,1.10831,1.10833,0.0,0,1724962014512,1158,0.0
1724962014,1.10832,1.10834,0.0,0,1724962014523,1158,0.0
1724962014,1.10833,1.10835,0.0,0,1724962014579,1158,0.0
1724962015,1.10832,1.10836,0.0,0,1724962015699,1158,0.0
1724962015,1.10833,1.10836,0.0,0,1724962015798,1154,0.0
1724962015,1.10834,1.10837,0.0,0,1724962015898,1158,0.0
1724962019,1.10834,1.10836,0.0,0,1724962019155,1028,0.0
1724962019,1.10834,1.10837,0.0,0,1724962019334,1028,0.0
1724962021,1.10834,1.10836,0.0,0,1724962021156,1158,0.0
1724962021,1.10835,1.10837,0.0,0,1724962021225,1158,0.0
1724962021,1.10836,1.10838,0.0,0,1724962021278,1158,0.0
1724962021,1.10835,1.10837,0.0,0,1724962021290,1158,0.0
1724962022,1.10836,1.10838,0.0,0,1724962022102,1158,0.0
1724962022,1.10837,1.10839,0.0,0,1724962022123,1158,0.0
1724962023,1.10837,1.1084,0.0,0,1724962023664,1028,0.0
1724962023,1.10839,1.10842,0.0,0,1724962023763,1158,0.0
1724962023,1.1084100000000001,1.10844,0.0,0,1724962023865,1158,0.0
