time,bid,ask,last,volume,time_msc,flags,volume_real
1701214108,1.09887,1.0989,0.0,0,1701214108014,4,0.0
1701214108,1.09887,1.09891,0.0,0,1701214108265,4,0.0
1701214110,1.09886,1.09891,0.0,0,1701214110285,130,0.0
1701214114,1.09887,1.09889,0.0,0,1701214114220,134,0.0
1701214116,1.09887,1.0989,0.0,0,1701214116457,4,0.0
1701214118,1.09888,1.09891,0.0,0,1701214118724,134,0.0
1701214118,1.09888,1.09892,0.0,0,1701214118901,4,0.0
1701214119,1.09888,1.09891,0.0,0,1701214119101,4,0.0
1701214122,1.09888,1.09892,0.0,0,1701214122632,4,0.0
1701214122,1.09888,1.09891,0.0,0,1701214122977,4,0.0
1701214126,1.09889,1.09892,0.0,0,1701214126088,134,0.0
1701214126,1.09888,1.09891,0.0,0,1701214126151,134,0.0
1701214126,1.09889,1.09892,0.0,0,1701214126506,134,0.0
1701214126,1.09889,1.09891,0.0,0,1701214126703,4,0.0
1701214126,1.09888,1.09891,0.0,0,1701214126773,130,0.0
1701214127,1.09888,1.09892,0.0,0,1701214127619,4,0.0
1701214128,1.09888,1.09891,0.0,0,1701214128179,4,0.0
1701214131,1.09888,1.09892,0.0,0,1701214131673,4,0.0
1701214132,1.09891,1.09894,0.0,0,1701214132041,134,0.0
1701214132,1.0989,1.09896,0.0,0,1701214132689,134,0.0
1701214134,1.0989,1.09895,0.0,0,1701214134178,4,0.0
1701214135,1.0989,1.09896,0.0,0,1701214135220,4,0.0
1701214135,1.09887,1.09893,0.0,0,1701214135341,134,0.0
1701214135,1.09887,1.09892,0.0,0,1701214135612,4,0.0
1701214140,1.09887,1.09893,0.0,0,1701214140264,134,0.0
1701214141,1.09887,1.09892,0.0,0,1701214141234,4,0.0
1701214141,1.09887,1.09891,0.0,0,1701214141739,4,0.0
1701214143,1.09886,1.09891,0.0,0,1701214143241,130,0.0
1701214145,1.09887,1.09891,0.0,0,1701214145284,130,0.0
1701214150,1.09887,1.09892,0.0,0,1701214150688,4,0.0
1701214151,1.09887,1.09891,0.0,0,1701214151457,4,0.0
1701214155,1.09887,1.09892,0.0,0,1701214155690,4,0.0
1701214155,1.09887,1.09891,0.0,0,1701214155837,4,0.0
1701214167,1.09889,1.09891,0.0,0,1701214167046,130,0.0
1701214167,1.09888,1.09891,0.0,0,1701214167315,130,0.0
1701214167,1.09887,1.0989,0.0,0,1701214167656,134,0.0
1701214167,1.09888,1.0989,0.0,0,1701214167941,130,0.0
1701214168,1.09889,1.09891,0.0,0,1701214168625,134,0.0
1701214169,1.09888,1.0989,0.0,0,1701214169597,134,0.0
1701214169,1.09889,1.09892,0.0,0,1701214169954,134,0.0
1701214170,1.09887,1.0989,0.0,0,1701214170264,134,0.0
1701214171,1.09887,1.09889,0.0,0,1701214171027,4,0.0
1701214175,1.09888,1.0989,0.0,0,1701214175306,134,0.0
1701214177,1.09888,1.09891,0.0,0,1701214177703,4,0.0
1701214177,1.09889,1.09891,0.0,0,1701214177864,130,0.0
1701214177,1.09888,1.09891,0.0,0,1701214177895,130,0.0
1701214178,1.09888,1.0989,0.0,0,1701214178509,4,0.0
1701214179,1.09888,1.09891,0.0,0,1701214179803,4,0.0
1701214181,1.09888,1.09892,0.0,0,1701214181829,4,0.0
1701214182,1.09888,1.09891,0.0,0,1701214182142,4,0.0
1701214182,1.09888,1.0989,0.0,0,1701214182254,4,0.0
1701214182,1.09887,1.09889,0.0,0,1701214182488,134,0.0
1701214182,1.09886,1.09889,0.0,0,1701214182704,130,0.0
1701214183,1.09885,1.09891,0.0,0,1701214183348,134,0.0
1701214184,1.09885,1.0989,0.0,0,1701214184118,4,0.0
1701214185,1.09889,1.09893,0.0,0,1701214185459,134,0.0
1701214185,1.09888,1.09893,0.0,0,1701214185474,130,0.0
1701214185,1.09888,1.09892,0.0,0,1701214185474,4,0.0
1701214185,1.09888,1.09893,0.0,0,1701214185505,4,0.0
1701214185,1.0989,1.09895,0.0,0,1701214185805,134,0.0
1701214186,1.09891,1.09895,0.0,0,1701214186471,130,0.0
1701214190,1.09891,1.09896,0.0,0,1701214190136,4,0.0
1701214191,1.09891,1.09895,0.0,0,1701214191106,4,0.0
1701214192,1.09891,1.09894,0.0,0,1701214192140,4,0.0
1701214192,1.09887,1.09892,0.0,0,1701214192372,134,0.0
1701214195,1.0989,1.09894,0.0,0,1701214195089,134,0.0
1701214195,1.09891,1.09896,0.0,0,1701214195414,134,0.0
1701214195,1.09892,1.09896,0.0,0,1701214195473,130,0.0
1701214196,1.09892,1.09897,0.0,0,1701214196018,4,0.0
1701214200,1.09892,1.09896,0.0,0,1701214200572,134,0.0
1701214201,1.09891,1.09895,0.0,0,1701214201890,134,0.0
1701214202,1.0989,1.09895,0.0,0,1701214202020,130,0.0
1701214204,1.09891,1.09896,0.0,0,1701214204147,134,0.0
1701214204,1.09892,1.09896,0.0,0,1701214204293,130,0.0
1701214205,1.09891,1.09896,0.0,0,1701214205117,130,0.0
1701214205,1.09891,1.09897,0.0,0,1701214205234,4,0.0
1701214206,1.09892,1.09897,0.0,0,1701214206030,130,0.0
1701214213,1.09892,1.09896,0.0,0,1701214213532,4,0.0
1701214222,1.09892,1.09897,0.0,0,1701214222336,4,0.0
1701214223,1.09889,1.09892,0.0,0,1701214223538,134,0.0
1701214223,1.09891,1.09896,0.0,0,1701214223723,134,0.0
1701214223,1.09892,1.09897,0.0,0,1701214223833,134,0.0
1701214224,1.09892,1.09896,0.0,0,1701214224099,4,0.0
1701214224,1.09892,1.09897,0.0,0,1701214224398,4,0.0
1701214226,1.09891,1.09897,0.0,0,1701214226656,130,0.0
1701214227,1.09892,1.09897,0.0,0,1701214227671,130,0.0
1701214228,1.09891,1.09897,0.0,0,1701214228671,130,0.0
1701214229,1.09891,1.09896,0.0,0,1701214229738,4,0.0
1701214231,1.09891,1.09895,0.0,0,1701214231903,4,0.0
1701214237,1.0989,1.09895,0.0,0,1701214237241,130,0.0
1701214237,1.0989,1.09894,0.0,0,1701214237272,4,0.0
1701214237,1.09888,1.09893,0.0,0,1701214237579,134,0.0
1701214237,1.09887,1.09893,0.0,0,1701214237672,130,0.0
1701214237,1.09887,1.09892,0.0,0,1701214237990,4,0.0
1701214239,1.09886,1.09892,0.0,0,1701214239915,130,0.0
1701214240,1.09887,1.09892,0.0,0,1701214240235,130,0.0
1701214242,1.09886,1.09892,0.0,0,1701214242203,130,0.0
1701214242,1.09887,1.09892,0.0,0,1701214242203,130,0.0
1701214243,1.09886,1.09892,0.0,0,1701214243188,130,0.0
1701214243,1.09887,1.09892,0.0,0,1701214243219,130,0.0
1701214243,1.09887,1.09891,0.0,0,1701214243519,4,0.0
1701214246,1.09886,1.09891,0.0,0,1701214246291,130,0.0
1701214248,1.09888,1.09892,0.0,0,1701214248742,134,0.0
1701214248,1.09889,1.09892,0.0,0,1701214248804,130,0.0
1701214249,1.09888,1.09892,0.0,0,1701214249116,130,0.0
1701214249,1.09886,1.09892,0.0,0,1701214249136,130,0.0
1701214249,1.09886,1.09891,0.0,0,1701214249509,4,0.0
1701214252,1.09887,1.09892,0.0,0,1701214252175,134,0.0
1701214253,1.09886,1.09891,0.0,0,1701214253470,134,0.0
1701214257,1.09888,1.09892,0.0,0,1701214257419,134,0.0
1701214257,1.09888,1.09893,0.0,0,1701214257709,4,0.0
1701214258,1.09886,1.0989,0.0,0,1701214258719,134,0.0
1701214260,1.09884,1.09888,0.0,0,1701214260192,134,0.0
1701214261,1.09881,1.09886,0.0,0,1701214261482,134,0.0
1701214261,1.09882,1.09887,0.0,0,1701214261982,134,0.0
1701214262,1.09882,1.09886,0.0,0,1701214262122,4,0.0
1701214262,1.09881,1.09886,0.0,0,1701214262424,130,0.0
1701214262,1.09881,1.09885,0.0,0,1701214262688,4,0.0
1701214263,1.09881,1.09886,0.0,0,1701214263140,4,0.0
1701214267,1.0988,1.09885,0.0,0,1701214267751,134,0.0
1701214267,1.0988,1.09886,0.0,0,1701214267965,4,0.0
1701214268,1.09882,1.09887,0.0,0,1701214268595,134,0.0
1701214268,1.09881,1.09887,0.0,0,1701214268672,130,0.0
1701214269,1.09882,1.09887,0.0,0,1701214269361,130,0.0
1701214270,1.09882,1.09886,0.0,0,1701214270267,4,0.0
1701214271,1.09884,1.09888,0.0,0,1701214271797,134,0.0
1701214273,1.09885,1.09888,0.0,0,1701214273237,130,0.0
1701214273,1.09885,1.0989,0.0,0,1701214273552,4,0.0
1701214273,1.09885,1.09891,0.0,0,1701214273786,4,0.0
1701214273,1.09886,1.09891,0.0,0,1701214273882,130,0.0
1701214283,1.09885,1.0989,0.0,0,1701214283788,134,0.0
1701214311,1.09886,1.09888,0.0,0,1701214311118,134,0.0
1701214311,1.09886,1.09889,0.0,0,1701214311487,4,0.0
1701214320,1.09886,1.09888,0.0,0,1701214320135,134,0.0
1701214320,1.09885,1.09887,0.0,0,1701214320448,134,0.0
1701214323,1.09883,1.09886,0.0,0,1701214323956,134,0.0
1701214324,1.09884,1.09886,0.0,0,1701214324366,130,0.0
1701214325,1.09883,1.09886,0.0,0,1701214325363,130,0.0
1701214352,1.09885,1.09887,0.0,0,1701214352137,134,0.0
1701214352,1.09884,1.09886,0.0,0,1701214352500,134,0.0
1701214352,1.09883,1.09886,0.0,0,1701214352773,130,0.0
1701214366,1.09883,1.09887,0.0,0,1701214366818,4,0.0
1701214366,1.09884,1.09887,0.0,0,1701214366966,130,0.0
1701214367,1.09883,1.09886,0.0,0,1701214367013,134,0.0
1701214367,1.09884,1.09886,0.0,0,1701214367290,130,0.0
1701214372,1.09883,1.09887,0.0,0,1701214372670,134,0.0
1701214373,1.09883,1.09886,0.0,0,1701214373854,4,0.0
1701214386,1.09882,1.09885,0.0,0,1701214386947,134,0.0
1701214387,1.09883,1.09886,0.0,0,1701214387120,134,0.0
1701214387,1.09884,1.09887,0.0,0,1701214387397,134,0.0
1701214388,1.09884,1.09886,0.0,0,1701214388934,4,0.0
1701214389,1.09883,1.09886,0.0,0,1701214389382,130,0.0
1701214400,1.09883,1.09887,0.0,0,1701214400891,4,0.0
1701214404,1.09883,1.09886,0.0,0,1701214404534,4,0.0
1701214424,1.09884,1.09887,0.0,0,1701214424722,134,0.0
1701214425,1.09883,1.09886,0.0,0,1701214425016,134,0.0
1701214448,1.09882,1.09885,0.0,0,1701214448901,134,0.0
1701214449,1.09882,1.09886,0.0,0,1701214449788,4,0.0
1701214450,1.09883,1.09886,0.0,0,1701214450106,130,0.0
1701214451,1.09884,1.09886,0.0,0,1701214451532,130,0.0
1701214451,1.09883,1.09886,0.0,0,1701214451772,130,0.0
1701214454,1.09884,1.09887,0.0,0,1701214454951,134,0.0
1701214455,1.09884,1.09886,0.0,0,1701214455061,4,0.0
1701214455,1.09883,1.09886,0.0,0,1701214455401,130,0.0
1701214475,1.09882,1.09885,0.0,0,1701214475332,134,0.0
1701214475,1.09882,1.09884,0.0,0,1701214475819,4,0.0
1701214484,1.09882,1.09885,0.0,0,1701214484543,4,0.0
1701214485,1.09883,1.09885,0.0,0,1701214485869,130,0.0
1701214489,1.09883,1.09886,0.0,0,1701214489495,4,0.0
1701214499,1.09883,1.09887,0.0,0,1701214499338,4,0.0
1701214499,1.09884,1.09887,0.0,0,1701214499608,130,0.0
1701214499,1.09883,1.09887,0.0,0,1701214499995,130,0.0
1701214500,1.09884,1.09887,0.0,0,1701214500255,130,0.0
1701214501,1.09883,1.09887,0.0,0,1701214501270,130,0.0
1701214505,1.09883,1.09886,0.0,0,1701214505549,4,0.0
1701214506,1.09883,1.09887,0.0,0,1701214506535,4,0.0
1701214507,1.09883,1.09886,0.0,0,1701214507133,4,0.0
1701214522,1.09883,1.09887,0.0,0,1701214522433,4,0.0
1701214537,1.09885,1.09887,0.0,0,1701214537078,130,0.0
1701214537,1.09886,1.09889,0.0,0,1701214537991,134,0.0
1701214538,1.09887,1.09892,0.0,0,1701214538246,134,0.0
1701214538,1.09886,1.09892,0.0,0,1701214538343,130,0.0
1701214557,1.09888,1.09891,0.0,0,1701214557401,134,0.0
1701214557,1.09889,1.09891,0.0,0,1701214557671,130,0.0
1701214569,1.09889,1.09892,0.0,0,1701214569901,134,0.0
1701214582,1.09888,1.09892,0.0,0,1701214582382,130,0.0
1701214582,1.09889,1.09892,0.0,0,1701214582594,130,0.0
1701214587,1.09889,1.09891,0.0,0,1701214587453,4,0.0
1701214587,1.09886,1.09889,0.0,0,1701214587717,134,0.0
1701214588,1.09887,1.09889,0.0,0,1701214588000,130,0.0
1701214598,1.09887,1.0989,0.0,0,1701214598944,4,0.0
1701214610,1.09888,1.09892,0.0,0,1701214610488,134,0.0
1701214610,1.0989,1.09892,0.0,0,1701214610845,130,0.0
1701214611,1.0989,1.09897,0.0,0,1701214611717,4,0.0
1701214611,1.09894,1.09899,0.0,0,1701214611867,134,0.0
1701214612,1.09898,1.09903,0.0,0,1701214612170,134,0.0
1701214616,1.09897,1.0990199999999999,0.0,0,1701214616809,134,0.0
1701214621,1.09896,1.099,0.0,0,1701214621747,134,0.0
1701214621,1.09897,1.099,0.0,0,1701214621969,130,0.0
1701214623,1.09895,1.09898,0.0,0,1701214623674,134,0.0
1701214636,1.09894,1.09898,0.0,0,1701214636236,130,0.0
1701214638,1.09893,1.09898,0.0,0,1701214638479,130,0.0
1701214638,1.09892,1.09898,0.0,0,1701214638593,130,0.0
1701214638,1.09893,1.09898,0.0,0,1701214638886,130,0.0
1701214639,1.09892,1.09898,0.0,0,1701214639532,130,0.0
1701214639,1.09893,1.09898,0.0,0,1701214639915,130,0.0
1701214640,1.09892,1.09898,0.0,0,1701214640201,130,0.0
1701214640,1.09893,1.09898,0.0,0,1701214640217,130,0.0
1701214640,1.09892,1.09898,0.0,0,1701214640699,130,0.0
1701214641,1.09893,1.09898,0.0,0,1701214641579,130,0.0
1701214649,1.09892,1.09898,0.0,0,1701214649332,130,0.0
1701214659,1.09893,1.09898,0.0,0,1701214659585,130,0.0
1701214667,1.09892,1.09898,0.0,0,1701214667557,130,0.0
1701214670,1.09894,1.09897,0.0,0,1701214670546,134,0.0
1701214678,1.09893,1.09897,0.0,0,1701214678540,130,0.0
1701214679,1.09894,1.09897,0.0,0,1701214679810,130,0.0
1701214688,1.09893,1.09897,0.0,0,1701214688041,130,0.0
1701214697,1.09894,1.09897,0.0,0,1701214697636,130,0.0
1701214712,1.09895,1.09897,0.0,0,1701214712818,130,0.0
1701214723,1.09893,1.09897,0.0,0,1701214723684,130,0.0
1701214724,1.09894,1.09897,0.0,0,1701214724268,130,0.0
1701214725,1.09893,1.09897,0.0,0,1701214725350,130,0.0
1701214726,1.09894,1.09897,0.0,0,1701214726299,130,0.0
1701214726,1.09893,1.09897,0.0,0,1701214726730,130,0.0
1701214729,1.09893,1.09896,0.0,0,1701214729173,4,0.0
1701214731,1.09893,1.09897,0.0,0,1701214731884,4,0.0
1701214755,1.09894,1.09897,0.0,0,1701214755521,130,0.0
1701214763,1.09893,1.09897,0.0,0,1701214763883,130,0.0
1701214765,1.09894,1.09897,0.0,0,1701214765701,130,0.0
1701214765,1.09893,1.09897,0.0,0,1701214765898,130,0.0
1701214769,1.09892,1.09895,0.0,0,1701214769918,134,0.0
1701214769,1.09893,1.09895,0.0,0,1701214769950,130,0.0
1701214772,1.09893,1.09896,0.0,0,1701214772825,4,0.0
1701214773,1.09893,1.09897,0.0,0,1701214773184,4,0.0
1701214774,1.09894,1.09898,0.0,0,1701214774438,134,0.0
1701214774,1.09896,1.099,0.0,0,1701214774538,134,0.0
1701214775,1.09896,1.09901,0.0,0,1701214775548,4,0.0
1701214775,1.09896,1.0990199999999999,0.0,0,1701214775904,4,0.0
1701214776,1.09895,1.099,0.0,0,1701214776141,134,0.0
1701214776,1.09895,1.09901,0.0,0,1701214776219,4,0.0
1701214776,1.09895,1.0990199999999999,0.0,0,1701214776452,4,0.0
1701214777,1.09896,1.0990199999999999,0.0,0,1701214777195,130,0.0
1701214777,1.09895,1.0990199999999999,0.0,0,1701214777452,130,0.0
1701214778,1.09895,1.099,0.0,0,1701214778180,4,0.0
1701214781,1.09894,1.099,0.0,0,1701214781529,130,0.0
1701214782,1.09894,1.09899,0.0,0,1701214782395,4,0.0
1701214783,1.09894,1.099,0.0,0,1701214783753,4,0.0
1701214787,1.09894,1.09901,0.0,0,1701214787062,4,0.0
1701214789,1.09895,1.09901,0.0,0,1701214789515,130,0.0
1701214789,1.09894,1.09901,0.0,0,1701214789717,130,0.0
1701214791,1.09895,1.09901,0.0,0,1701214791007,130,0.0
1701214791,1.09896,1.0990199999999999,0.0,0,1701214791300,134,0.0
1701214795,1.09896,1.099,0.0,0,1701214795276,4,0.0
1701214795,1.09895,1.099,0.0,0,1701214795590,130,0.0
1701214800,1.09894,1.099,0.0,0,1701214800239,130,0.0
1701214800,1.09895,1.099,0.0,0,1701214800298,130,0.0
1701214802,1.09894,1.099,0.0,0,1701214802199,130,0.0
1701214802,1.09895,1.099,0.0,0,1701214802714,130,0.0
1701214802,1.09895,1.09899,0.0,0,1701214802918,4,0.0
1701214818,1.09897,1.09899,0.0,0,1701214818892,130,0.0
1701214824,1.09895,1.09899,0.0,0,1701214824892,130,0.0
1701214825,1.09895,1.09897,0.0,0,1701214825948,4,0.0
1701214832,1.09895,1.09899,0.0,0,1701214832381,4,0.0
1701214832,1.09896,1.09899,0.0,0,1701214832621,130,0.0
1701214832,1.09896,1.09901,0.0,0,1701214832621,4,0.0
1701214832,1.09897,1.09901,0.0,0,1701214832913,130,0.0
1701214833,1.09897,1.0990199999999999,0.0,0,1701214833092,4,0.0
1701214833,1.09896,1.0990199999999999,0.0,0,1701214833413,130,0.0
1701214834,1.09895,1.0990199999999999,0.0,0,1701214834109,130,0.0
1701214834,1.09896,1.0990199999999999,0.0,0,1701214834509,130,0.0
1701214836,1.09895,1.0990199999999999,0.0,0,1701214836967,130,0.0
1701214837,1.09899,1.09904,0.0,0,1701214837543,134,0.0
1701214837,1.0990199999999999,1.09908,0.0,0,1701214837843,134,0.0
1701214840,1.09901,1.09908,0.0,0,1701214840480,130,0.0
1701214842,1.0990199999999999,1.09908,0.0,0,1701214842651,130,0.0
1701214844,1.0990199999999999,1.09907,0.0,0,1701214844565,4,0.0
1701214846,1.0990199999999999,1.09908,0.0,0,1701214846435,4,0.0
1701214849,1.09905,1.0991,0.0,0,1701214849012,134,0.0
1701214849,1.09907,1.09911,0.0,0,1701214849078,134,0.0
1701214849,1.09908,1.09913,0.0,0,1701214849110,134,0.0
1701214849,1.09911,1.09917,0.0,0,1701214849452,134,0.0
1701214849,1.0991,1.09916,0.0,0,1701214849467,134,0.0
1701214849,1.09911,1.09916,0.0,0,1701214849709,130,0.0
1701214850,1.09911,1.09915,0.0,0,1701214850129,4,0.0
1701214850,1.0991,1.09915,0.0,0,1701214850793,130,0.0
1701214851,1.0991,1.09913,0.0,0,1701214851067,4,0.0
1701214851,1.0991,1.09914,0.0,0,1701214851131,4,0.0
1701214851,1.0991,1.09915,0.0,0,1701214851365,4,0.0
1701214851,1.09911,1.09915,0.0,0,1701214851694,130,0.0
1701214852,1.0991,1.09913,0.0,0,1701214852560,134,0.0
1701214857,1.0991,1.09914,0.0,0,1701214857044,4,0.0
1701214858,1.09911,1.09914,0.0,0,1701214858066,130,0.0
1701214860,1.0991,1.09913,0.0,0,1701214860230,134,0.0
1701214861,1.09909,1.09913,0.0,0,1701214861279,130,0.0
1701214875,1.09909,1.09912,0.0,0,1701214875853,4,0.0
1701214890,1.09908,1.09911,0.0,0,1701214890963,134,0.0
1701214891,1.09906,1.09909,0.0,0,1701214891273,134,0.0
1701214891,1.09904,1.09907,0.0,0,1701214891336,134,0.0
1701214891,1.09903,1.09907,0.0,0,1701214891636,130,0.0
1701214894,1.0990199999999999,1.09907,0.0,0,1701214894011,130,0.0
1701214895,1.09904,1.09909,0.0,0,1701214895498,134,0.0
1701214895,1.09906,1.09911,0.0,0,1701214895683,134,0.0
1701214895,1.09907,1.09911,0.0,0,1701214895929,130,0.0
1701214895,1.09906,1.09911,0.0,0,1701214895945,130,0.0
1701214896,1.09906,1.0991,0.0,0,1701214896635,4,0.0
1701214896,1.09905,1.0991,0.0,0,1701214896946,130,0.0
1701214897,1.09905,1.09911,0.0,0,1701214897023,4,0.0
1701214897,1.09906,1.09911,0.0,0,1701214897897,130,0.0
1701214898,1.09905,1.09911,0.0,0,1701214898007,130,0.0
1701214909,1.09906,1.09911,0.0,0,1701214909924,130,0.0
1701214920,1.09906,1.0991,0.0,0,1701214920129,134,0.0
1701214920,1.09906,1.09911,0.0,0,1701214920338,4,0.0
1701214931,1.09906,1.09912,0.0,0,1701214931560,4,0.0
1701214939,1.09907,1.0991,0.0,0,1701214939099,134,0.0
1701214943,1.09907,1.09911,0.0,0,1701214943381,4,0.0
1701214946,1.09907,1.0991,0.0,0,1701214946172,4,0.0
1701214947,1.09907,1.09911,0.0,0,1701214947393,4,0.0
1701214955,1.09905,1.09908,0.0,0,1701214955881,134,0.0
1701214955,1.09906,1.09909,0.0,0,1701214955977,134,0.0
1701214956,1.09907,1.0991,0.0,0,1701214956036,134,0.0
1701214959,1.09906,1.0991,0.0,0,1701214959650,130,0.0
1701214963,1.09907,1.0991,0.0,0,1701214963558,130,0.0
1701214963,1.09906,1.0991,0.0,0,1701214963946,130,0.0
1701214971,1.09906,1.09909,0.0,0,1701214971682,4,0.0
1701214980,1.09903,1.09905,0.0,0,1701214980213,134,0.0
1701214980,1.0990199999999999,1.09907,0.0,0,1701214980466,134,0.0
1701214980,1.09903,1.09907,0.0,0,1701214980497,130,0.0
1701214990,1.09903,1.09909,0.0,0,1701214990667,4,0.0
1701214990,1.09904,1.09911,0.0,0,1701214990698,134,0.0
1701214991,1.09904,1.0991,0.0,0,1701214991082,4,0.0
1701214993,1.09904,1.09908,0.0,0,1701214993089,4,0.0
1701214993,1.0990199999999999,1.09908,0.0,0,1701214993945,130,0.0
1701214994,1.09903,1.09908,0.0,0,1701214994248,130,0.0
1701214994,1.09904,1.09909,0.0,0,1701214994312,134,0.0
1701214994,1.09903,1.09908,0.0,0,1701214994590,134,0.0
1701214998,1.09904,1.09909,0.0,0,1701214998904,134,0.0
1701214999,1.09905,1.09911,0.0,0,1701214999229,134,0.0
1701215000,1.09905,1.09912,0.0,0,1701215000098,4,0.0
1701215000,1.09905,1.09911,0.0,0,1701215000940,4,0.0
1701215001,1.09905,1.0991,0.0,0,1701215001330,4,0.0
1701215004,1.09905,1.09911,0.0,0,1701215004181,4,0.0
1701215004,1.09904,1.0991,0.0,0,1701215004496,134,0.0
1701215004,1.09906,1.09911,0.0,0,1701215004825,134,0.0
1701215004,1.09905,1.09911,0.0,0,1701215004843,130,0.0
1701215010,1.09905,1.0991,0.0,0,1701215010792,4,0.0
1701215011,1.09906,1.09912,0.0,0,1701215011894,134,0.0
1701215014,1.09906,1.0991,0.0,0,1701215014235,4,0.0
1701215014,1.09904,1.0991,0.0,0,1701215014408,130,0.0
1701215016,1.09906,1.0991,0.0,0,1701215016282,130,0.0
1701215016,1.09905,1.0991,0.0,0,1701215016425,130,0.0
1701215016,1.09906,1.0991,0.0,0,1701215016750,130,0.0
1701215018,1.09907,1.09912,0.0,0,1701215018697,134,0.0
1701215020,1.09906,1.09912,0.0,0,1701215020667,130,0.0
1701215022,1.09907,1.09912,0.0,0,1701215022286,130,0.0
1701215025,1.09909,1.09912,0.0,0,1701215025882,130,0.0
1701215026,1.09912,1.09916,0.0,0,1701215026009,134,0.0
1701215026,1.09914,1.09918,0.0,0,1701215026010,134,0.0
1701215026,1.09913,1.09918,0.0,0,1701215026367,130,0.0
1701215027,1.09912,1.09918,0.0,0,1701215027075,130,0.0
1701215027,1.09913,1.09918,0.0,0,1701215027270,130,0.0
1701215027,1.09912,1.09918,0.0,0,1701215027396,130,0.0
1701215027,1.09913,1.09918,0.0,0,1701215027588,130,0.0
1701215028,1.09912,1.09918,0.0,0,1701215028209,130,0.0
1701215028,1.09913,1.09918,0.0,0,1701215028304,130,0.0
1701215028,1.09912,1.09918,0.0,0,1701215028570,130,0.0
1701215035,1.09913,1.0991900000000001,0.0,0,1701215035686,134,0.0
1701215035,1.09914,1.0991900000000001,0.0,0,1701215035862,130,0.0
1701215035,1.09913,1.0991900000000001,0.0,0,1701215035875,130,0.0
1701215036,1.09914,1.0991900000000001,0.0,0,1701215036670,130,0.0
1701215040,1.09914,1.09918,0.0,0,1701215040119,134,0.0
1701215040,1.09913,1.09918,0.0,0,1701215040243,130,0.0
1701215053,1.09914,1.0991900000000001,0.0,0,1701215053367,134,0.0
1701215053,1.09915,1.0992,0.0,0,1701215053665,134,0.0
1701215056,1.09914,1.0992,0.0,0,1701215056635,130,0.0
1701215058,1.09915,1.0992,0.0,0,1701215058666,130,0.0
1701215058,1.09914,1.0992,0.0,0,1701215058993,130,0.0
1701215063,1.09915,1.09921,0.0,0,1701215063765,134,0.0
1701215064,1.09916,1.09921,0.0,0,1701215064791,130,0.0
1701215065,1.09915,1.09921,0.0,0,1701215065198,130,0.0
1701215070,1.09916,1.09921,0.0,0,1701215070182,130,0.0
1701215070,1.09917,1.09922,0.0,0,1701215070262,134,0.0
1701215072,1.09921,1.09926,0.0,0,1701215072141,134,0.0
1701215077,1.09921,1.09924,0.0,0,1701215077328,4,0.0
1701215077,1.09922,1.09925,0.0,0,1701215077876,134,0.0
1701215078,1.09922,1.09926,0.0,0,1701215078250,4,0.0
1701215086,1.09922,1.09927,0.0,0,1701215086866,4,0.0
1701215095,1.09921,1.09927,0.0,0,1701215095579,130,0.0
1701215095,1.09921,1.09925,0.0,0,1701215095598,4,0.0
1701215096,1.09921,1.09926,0.0,0,1701215096277,4,0.0
1701215099,1.09921,1.09925,0.0,0,1701215099340,4,0.0
1701215099,1.09921,1.09926,0.0,0,1701215099935,4,0.0
1701215100,1.09921,1.09925,0.0,0,1701215100246,134,0.0
1701215100,1.0992,1.09927,0.0,0,1701215100605,134,0.0
1701215100,1.09921,1.09927,0.0,0,1701215100920,130,0.0
1701215101,1.09922,1.09928,0.0,0,1701215101196,134,0.0
1701215103,1.09921,1.09928,0.0,0,1701215103614,130,0.0
1701215109,1.09922,1.09928,0.0,0,1701215109974,130,0.0
1701215114,1.09922,1.09927,0.0,0,1701215114361,4,0.0
1701215120,1.09922,1.09926,0.0,0,1701215120272,4,0.0
1701215122,1.09922,1.09925,0.0,0,1701215122461,4,0.0
1701215123,1.09922,1.09924,0.0,0,1701215123231,4,0.0
1701215124,1.09923,1.09925,0.0,0,1701215124270,134,0.0
1701215124,1.09922,1.09925,0.0,0,1701215124289,130,0.0
1701215131,1.09923,1.09925,0.0,0,1701215131696,130,0.0
1701215132,1.09922,1.09925,0.0,0,1701215132449,130,0.0
1701215138,1.09923,1.09925,0.0,0,1701215138893,130,0.0
1701215139,1.09922,1.09925,0.0,0,1701215139496,130,0.0
1701215142,1.09923,1.09925,0.0,0,1701215142249,130,0.0
1701215142,1.09922,1.09924,0.0,0,1701215142471,134,0.0
1701215145,1.09922,1.09925,0.0,0,1701215145264,4,0.0
1701215149,1.09923,1.09925,0.0,0,1701215149093,130,0.0
1701215149,1.09922,1.09925,0.0,0,1701215149407,130,0.0
1701215159,1.09922,1.09924,0.0,0,1701215159444,4,0.0
1701215165,1.09923,1.09926,0.0,0,1701215165465,134,0.0
1701215165,1.09925,1.09927,0.0,0,1701215165528,134,0.0
1701215170,1.09924,1.09926,0.0,0,1701215170842,134,0.0
1701215171,1.09923,1.09928,0.0,0,1701215171781,134,0.0
1701215173,1.09926,1.09931,0.0,0,1701215173190,134,0.0
1701215173,1.09925,1.09931,0.0,0,1701215173891,130,0.0
1701215174,1.09926,1.09931,0.0,0,1701215174156,130,0.0
1701215175,1.09926,1.0993,0.0,0,1701215175430,4,0.0
1701215175,1.09927,1.0993,0.0,0,1701215175797,130,0.0
1701215176,1.09926,1.0993,0.0,0,1701215176094,130,0.0
1701215179,1.09925,1.09929,0.0,0,1701215179427,134,0.0
1701215179,1.09926,1.09931,0.0,0,1701215179735,134,0.0
1701215185,1.09926,1.09932,0.0,0,1701215185848,4,0.0
1701215187,1.09926,1.09931,0.0,0,1701215187228,4,0.0
1701215188,1.09926,1.09932,0.0,0,1701215188460,4,0.0
1701215192,1.09926,1.09931,0.0,0,1701215192260,4,0.0
1701215192,1.09926,1.09932,0.0,0,1701215192260,4,0.0
1701215192,1.09927,1.09932,0.0,0,1701215192578,130,0.0
1701215192,1.09927,1.0993,0.0,0,1701215192776,4,0.0
1701215195,1.09926,1.09929,0.0,0,1701215195014,134,0.0
1701215199,1.09927,1.09929,0.0,0,1701215199564,130,0.0
1701215214,1.09929,1.09931,0.0,0,1701215214711,134,0.0
1701215215,1.09929,1.09932,0.0,0,1701215215010,4,0.0
1701215224,1.09928,1.09932,0.0,0,1701215224586,130,0.0
1701215227,1.09929,1.09932,0.0,0,1701215227611,130,0.0
1701215232,1.09931,1.09936,0.0,0,1701215232277,134,0.0
1701215232,1.09932,1.09936,0.0,0,1701215232547,130,0.0
1701215232,1.09932,1.09937,0.0,0,1701215232603,4,0.0
1701215233,1.09932,1.09938,0.0,0,1701215233179,4,0.0
1701215233,1.09931,1.09938,0.0,0,1701215233548,130,0.0
1701215233,1.09932,1.09938,0.0,0,1701215233580,130,0.0
1701215235,1.09932,1.09937,0.0,0,1701215235324,4,0.0
1701215240,1.09931,1.09936,0.0,0,1701215240791,134,0.0
1701215241,1.09931,1.09937,0.0,0,1701215241078,4,0.0
1701215244,1.09931,1.09938,0.0,0,1701215244745,4,0.0
1701215255,1.0993,1.09936,0.0,0,1701215255571,134,0.0
1701215255,1.09931,1.09938,0.0,0,1701215255648,134,0.0
1701215259,1.09932,1.09934,0.0,0,1701215259973,134,0.0
1701215260,1.09932,1.09936,0.0,0,1701215260281,4,0.0
1701215260,1.09932,1.09937,0.0,0,1701215260449,4,0.0
1701215261,1.09933,1.09937,0.0,0,1701215261980,130,0.0
1701215262,1.09932,1.09937,0.0,0,1701215262228,130,0.0
1701215264,1.09933,1.09937,0.0,0,1701215264544,130,0.0
1701215265,1.09932,1.09937,0.0,0,1701215265994,130,0.0
1701215270,1.09933,1.09937,0.0,0,1701215270983,130,0.0
1701215274,1.09932,1.09936,0.0,0,1701215274260,134,0.0
1701215274,1.09932,1.09934,0.0,0,1701215274472,4,0.0
1701215275,1.09931,1.09933,0.0,0,1701215275193,134,0.0
1701215275,1.0993,1.09932,0.0,0,1701215275449,134,0.0
1701215276,1.09928,1.09932,0.0,0,1701215276174,130,0.0
1701215276,1.09929,1.09934,0.0,0,1701215276540,134,0.0
1701215276,1.0993,1.09934,0.0,0,1701215276764,130,0.0
1701215277,1.0993,1.09935,0.0,0,1701215277396,4,0.0
1701215277,1.0993,1.09936,0.0,0,1701215277765,4,0.0
1701215279,1.09931,1.09936,0.0,0,1701215279091,130,0.0
1701215280,1.0993,1.09936,0.0,0,1701215280199,130,0.0
1701215280,1.09931,1.09936,0.0,0,1701215280399,130,0.0
1701215282,1.09931,1.09937,0.0,0,1701215282428,4,0.0
1701215284,1.09931,1.09936,0.0,0,1701215284944,4,0.0
1701215285,1.09932,1.09937,0.0,0,1701215285927,134,0.0
1701215287,1.09933,1.09937,0.0,0,1701215287959,130,0.0
1701215290,1.09932,1.09937,0.0,0,1701215290918,130,0.0
1701215294,1.09932,1.09938,0.0,0,1701215294314,4,0.0
1701215294,1.09932,1.09937,0.0,0,1701215294561,4,0.0
1701215304,1.09933,1.09937,0.0,0,1701215304780,130,0.0
1701215306,1.09932,1.09937,0.0,0,1701215306811,130,0.0
1701215311,1.09933,1.09935,0.0,0,1701215311411,134,0.0
1701215312,1.09932,1.09934,0.0,0,1701215312427,134,0.0
1701215312,1.09932,1.09935,0.0,0,1701215312434,4,0.0
1701215312,1.09932,1.09934,0.0,0,1701215312714,4,0.0
1701215318,1.09933,1.09935,0.0,0,1701215318743,134,0.0
1701215320,1.09934,1.09936,0.0,0,1701215320324,134,0.0
1701215320,1.09933,1.09935,0.0,0,1701215320891,134,0.0
1701215335,1.09933,1.09937,0.0,0,1701215335478,4,0.0
1701215336,1.09934,1.09937,0.0,0,1701215336131,130,0.0
1701215336,1.09934,1.09936,0.0,0,1701215336468,4,0.0
1701215337,1.09933,1.09935,0.0,0,1701215337446,134,0.0
1701215341,1.09934,1.09936,0.0,0,1701215341681,134,0.0
1701215341,1.09938,1.09941,0.0,0,1701215341795,134,0.0
1701215342,1.09938,1.09942,0.0,0,1701215342107,4,0.0
1701215343,1.09937,1.09942,0.0,0,1701215343632,130,0.0
1701215360,1.09937,1.09943,0.0,0,1701215360191,4,0.0
1701215360,1.09938,1.09943,0.0,0,1701215360294,130,0.0
1701215364,1.09939,1.09943,0.0,0,1701215364247,130,0.0
1701215364,1.09938,1.09942,0.0,0,1701215364940,134,0.0
1701215365,1.09937,1.09941,0.0,0,1701215365248,134,0.0
1701215375,1.09937,1.09942,0.0,0,1701215375121,4,0.0
1701215400,1.09939,1.09941,0.0,0,1701215400305,134,0.0
1701215400,1.09938,1.09941,0.0,0,1701215400555,130,0.0
1701215401,1.09939,1.09941,0.0,0,1701215401475,130,0.0
1701215402,1.09938,1.09941,0.0,0,1701215402164,130,0.0
1701215435,1.09939,1.09941,0.0,0,1701215435158,130,0.0
1701215435,1.09941,1.09944,0.0,0,1701215435460,134,0.0
1701215435,1.09941,1.09945,0.0,0,1701215435793,4,0.0
1701215436,1.09941,1.09946,0.0,0,1701215436215,4,0.0
1701215437,1.0994,1.09946,0.0,0,1701215437144,130,0.0
1701215437,1.09941,1.09946,0.0,0,1701215437712,130,0.0
1701215440,1.09944,1.09948,0.0,0,1701215440263,134,0.0
1701215440,1.09945,1.09948,0.0,0,1701215440569,130,0.0
1701215444,1.09944,1.0995,0.0,0,1701215444226,134,0.0
1701215444,1.09944,1.09948,0.0,0,1701215444448,4,0.0
1701215448,1.09943,1.09948,0.0,0,1701215448994,130,0.0
1701215449,1.09944,1.09948,0.0,0,1701215449699,130,0.0
1701215458,1.09944,1.09951,0.0,0,1701215458793,4,0.0
1701215458,1.09944,1.09948,0.0,0,1701215458905,4,0.0
1701215466,1.09945,1.09948,0.0,0,1701215466396,130,0.0
1701215466,1.09944,1.09947,0.0,0,1701215466490,134,0.0
1701215468,1.09944,1.09946,0.0,0,1701215468694,4,0.0
1701215473,1.09944,1.09947,0.0,0,1701215473053,4,0.0
1701215475,1.09943,1.09948,0.0,0,1701215475208,134,0.0
1701215475,1.09944,1.09948,0.0,0,1701215475440,130,0.0
1701215475,1.09944,1.09947,0.0,0,1701215475440,4,0.0
1701215476,1.09945,1.09951,0.0,0,1701215476527,134,0.0
1701215476,1.09944,1.09947,0.0,0,1701215476758,134,0.0
1701215478,1.09942,1.09948,0.0,0,1701215478225,134,0.0
1701215479,1.09943,1.09948,0.0,0,1701215479024,130,0.0
1701215480,1.09943,1.09947,0.0,0,1701215480288,4,0.0
1701215483,1.09943,1.09946,0.0,0,1701215483763,4,0.0
1701215491,1.09944,1.09946,0.0,0,1701215491191,130,0.0
1701215507,1.09943,1.09946,0.0,0,1701215507363,130,0.0
1701215512,1.09942,1.09944,0.0,0,1701215512811,134,0.0
1701215513,1.09941,1.09945,0.0,0,1701215513044,134,0.0
1701215513,1.09943,1.09946,0.0,0,1701215513105,134,0.0
1701215514,1.09942,1.09946,0.0,0,1701215514236,130,0.0
1701215514,1.09941,1.09946,0.0,0,1701215514333,130,0.0
1701215514,1.09942,1.09947,0.0,0,1701215514935,134,0.0
1701215521,1.09944,1.09946,0.0,0,1701215521282,134,0.0
1701215521,1.09945,1.09947,0.0,0,1701215521636,134,0.0
1701215522,1.09944,1.09946,0.0,0,1701215522646,134,0.0
1701215522,1.09945,1.09947,0.0,0,1701215522932,134,0.0
1701215523,1.09944,1.09946,0.0,0,1701215523238,134,0.0
1701215525,1.09943,1.09946,0.0,0,1701215525238,130,0.0
1701215527,1.09942,1.09945,0.0,0,1701215527234,134,0.0
1701215527,1.09942,1.09946,0.0,0,1701215527832,4,0.0
1701215528,1.09943,1.09946,0.0,0,1701215528956,130,0.0
1701215529,1.09939,1.09942,0.0,0,1701215529329,134,0.0
1701215529,1.09938,1.0994,0.0,0,1701215529570,134,0.0
1701215532,1.09938,1.09941,0.0,0,1701215532948,4,0.0
1701215539,1.09938,1.09942,0.0,0,1701215539492,4,0.0
1701215542,1.09937,1.09941,0.0,0,1701215542705,134,0.0
1701215542,1.09937,1.09942,0.0,0,1701215542946,4,0.0
1701215550,1.09937,1.09941,0.0,0,1701215550263,4,0.0
1701215550,1.09933,1.09937,0.0,0,1701215550373,134,0.0
1701215571,1.09933,1.09938,0.0,0,1701215571873,4,0.0
1701215585,1.09934,1.09938,0.0,0,1701215585171,130,0.0
1701215590,1.09937,1.09941,0.0,0,1701215590487,134,0.0
1701215590,1.09938,1.09941,0.0,0,1701215590604,130,0.0
1701215590,1.09938,1.09942,0.0,0,1701215590948,4,0.0
1701215591,1.09938,1.09945,0.0,0,1701215591740,4,0.0
1701215592,1.09941,1.09948,0.0,0,1701215592004,134,0.0
1701215592,1.09942,1.09948,0.0,0,1701215592004,130,0.0
1701215592,1.09941,1.09948,0.0,0,1701215592210,130,0.0
1701215598,1.09942,1.09949,0.0,0,1701215598368,134,0.0
1701215601,1.09943,1.09949,0.0,0,1701215601152,130,0.0
1701215602,1.09942,1.09949,0.0,0,1701215602463,130,0.0
1701215620,1.09942,1.09948,0.0,0,1701215620271,4,0.0
1701215622,1.09943,1.09948,0.0,0,1701215622646,130,0.0
1701215622,1.09943,1.09949,0.0,0,1701215622907,4,0.0
1701215622,1.09942,1.09949,0.0,0,1701215622940,130,0.0
1701215627,1.09943,1.09949,0.0,0,1701215627871,130,0.0
1701215632,1.09945,1.09949,0.0,0,1701215632060,130,0.0
1701215632,1.09945,1.09948,0.0,0,1701215632138,4,0.0
1701215642,1.09945,1.09947,0.0,0,1701215642917,134,0.0
1701215656,1.09944,1.09947,0.0,0,1701215656391,130,0.0
1701215657,1.09945,1.09947,0.0,0,1701215657242,130,0.0
1701215657,1.09945,1.09948,0.0,0,1701215657555,4,0.0
1701215668,1.09945,1.0995,0.0,0,1701215668777,4,0.0
1701215668,1.09947,1.0995,0.0,0,1701215668830,130,0.0
1701215669,1.09946,1.09951,0.0,0,1701215669126,134,0.0
1701215669,1.09946,1.0995,0.0,0,1701215669445,4,0.0
1701215674,1.09946,1.09948,0.0,0,1701215674440,4,0.0
1701215674,1.09945,1.09948,0.0,0,1701215674730,130,0.0
1701215677,1.09943,1.09948,0.0,0,1701215677246,130,0.0
1701215677,1.09944,1.09948,0.0,0,1701215677402,130,0.0
1701215677,1.09945,1.09948,0.0,0,1701215677646,130,0.0
1701215690,1.09949,1.09953,0.0,0,1701215690085,134,0.0
1701215691,1.09948,1.09952,0.0,0,1701215691092,134,0.0
1701215691,1.09949,1.09954,0.0,0,1701215691661,134,0.0
1701215691,1.0995,1.09954,0.0,0,1701215691910,130,0.0
1701215693,1.0995,1.09955,0.0,0,1701215693208,4,0.0
1701215693,1.0995,1.09956,0.0,0,1701215693559,4,0.0
1701215694,1.09951,1.09956,0.0,0,1701215694107,130,0.0
1701215695,1.0995,1.09956,0.0,0,1701215695446,130,0.0
1701215696,1.0995,1.09955,0.0,0,1701215696111,4,0.0
1701215699,1.0995,1.09954,0.0,0,1701215699478,4,0.0
1701215699,1.09949,1.09953,0.0,0,1701215699796,134,0.0
1701216335,1.0991900000000001,1.09942,0.0,0,1701216335118,134,0.0
1701216335,1.09924,1.09935,0.0,0,1701216335884,134,0.0
1701216338,1.09924,1.09936,0.0,0,1701216338334,4,0.0
1701216418,1.09924,1.09937,0.0,0,1701216418803,134,0.0
1701216448,1.09924,1.09938,0.0,0,1701216448100,134,0.0
1701216464,1.09926,1.09938,0.0,0,1701216464408,130,0.0
1701216464,1.09926,1.09939,0.0,0,1701216464468,4,0.0
1701216468,1.09927,1.09938,0.0,0,1701216468081,134,0.0
1701216468,1.09927,1.09937,0.0,0,1701216468379,4,0.0
1701216468,1.09928,1.09937,0.0,0,1701216468382,130,0.0
1701216468,1.09928,1.09935,0.0,0,1701216468956,4,0.0
1701216469,1.09926,1.09936,0.0,0,1701216469357,134,0.0
1701216473,1.09926,1.09937,0.0,0,1701216473340,4,0.0
1701216474,1.09926,1.09935,0.0,0,1701216474055,4,0.0
1701216492,1.09928,1.09934,0.0,0,1701216492481,134,0.0
1701216498,1.09929,1.09934,0.0,0,1701216498904,130,0.0
1701216517,1.09922,1.09928,0.0,0,1701216517279,134,0.0
1701216517,1.09926,1.09937,0.0,0,1701216517553,134,0.0
1701216517,1.09931,1.09937,0.0,0,1701216517631,130,0.0
1701216522,1.09928,1.09939,0.0,0,1701216522415,134,0.0
1701216547,1.09931,1.09938,0.0,0,1701216547874,134,0.0
1701216555,1.09927,1.09946,0.0,0,1701216555242,134,0.0
1701216555,1.09925,1.09946,0.0,0,1701216555498,130,0.0
1701216556,1.09925,1.09947,0.0,0,1701216556598,4,0.0
1701216557,1.09929,1.09956,0.0,0,1701216557723,134,0.0
1701216559,1.09916,1.09934,0.0,0,1701216559901,134,0.0
1701216576,1.09913,1.09942,0.0,0,1701216576135,134,0.0
1701216576,1.0992,1.09944,0.0,0,1701216576317,134,0.0
1701216577,1.09914,1.09932,0.0,0,1701216577408,134,0.0
1701216577,1.09921,1.09944,0.0,0,1701216577708,134,0.0
1701216578,1.09921,1.09983,0.0,0,1701216578344,4,0.0
1701216578,1.09901,1.09983,0.0,0,1701216578639,130,0.0
1701216578,1.09932,1.09983,0.0,0,1701216578706,130,0.0
1701216581,1.09932,1.09984,0.0,0,1701216581605,4,0.0
1701216586,1.09932,1.09985,0.0,0,1701216586177,4,0.0
1701216586,1.09937,1.09989,0.0,0,1701216586278,134,0.0
1701216586,1.09939,1.09989,0.0,0,1701216586518,130,0.0
1701216586,1.09938,1.09989,0.0,0,1701216586542,130,0.0
1701216591,1.09923,1.0994,0.0,0,1701216591797,134,0.0
1701216591,1.09918,1.0994,0.0,0,1701216591936,130,0.0
1701216601,1.09929,1.09969,0.0,0,1701216601222,134,0.0
1701216601,1.09929,1.09982,0.0,0,1701216601365,4,0.0
1701216603,1.09929,1.09983,0.0,0,1701216603103,4,0.0
1701216603,1.09929,1.09982,0.0,0,1701216603665,4,0.0
1701216606,1.09929,1.09981,0.0,0,1701216606558,4,0.0
1701216610,1.09929,1.09982,0.0,0,1701216610132,4,0.0
1701216611,1.09932,1.09985,0.0,0,1701216611404,134,0.0
1701216611,1.09933,1.09983,0.0,0,1701216611611,134,0.0
1701216612,1.0993,1.09968,0.0,0,1701216612935,134,0.0
1701216616,1.0993,1.09969,0.0,0,1701216616652,4,0.0
1701216623,1.0993,1.09968,0.0,0,1701216623838,4,0.0
1701216624,1.09918,1.09947,0.0,0,1701216624147,134,0.0
1701216627,1.09923,1.09939,0.0,0,1701216627673,134,0.0
1701216627,1.09927,1.09962,0.0,0,1701216627788,134,0.0
1701216632,1.09927,1.09954,0.0,0,1701216632121,4,0.0
1701216634,1.09928,1.09954,0.0,0,1701216634148,130,0.0
1701216640,1.09927,1.09954,0.0,0,1701216640221,130,0.0
1701216641,1.09927,1.09955,0.0,0,1701216641954,4,0.0
1701216642,1.09928,1.09955,0.0,0,1701216642354,130,0.0
1701216643,1.09927,1.09955,0.0,0,1701216643737,130,0.0
1701216646,1.09926,1.09955,0.0,0,1701216646609,130,0.0
1701216651,1.09916,1.0994,0.0,0,1701216651129,134,0.0
1701216655,1.09924,1.09954,0.0,0,1701216655622,134,0.0
1701216655,1.09914,1.09964,0.0,0,1701216655926,134,0.0
1701216656,1.09933,1.09959,0.0,0,1701216656236,134,0.0
1701216664,1.09911,1.0996299999999999,0.0,0,1701216664073,134,0.0
1701216664,1.09906,1.09961,0.0,0,1701216664083,134,0.0
1701216664,1.09918,1.09948,0.0,0,1701216664390,134,0.0
1701216669,1.09915,1.09933,0.0,0,1701216669747,134,0.0
1701216672,1.09915,1.09932,0.0,0,1701216672652,4,0.0
1701216672,1.09914,1.09932,0.0,0,1701216672704,130,0.0
1701216680,1.09915,1.09935,0.0,0,1701216680704,134,0.0
1701216682,1.0991,1.09937,0.0,0,1701216682842,134,0.0
1701216683,1.09915,1.09935,0.0,0,1701216683562,134,0.0
1701216704,1.09915,1.0995,0.0,0,1701216704810,4,0.0
1701216715,1.09917,1.0995,0.0,0,1701216715061,130,0.0
1701216720,1.09918,1.0995,0.0,0,1701216720163,130,0.0
1701216725,1.0991900000000001,1.0995,0.0,0,1701216725734,130,0.0
1701216728,1.09918,1.0995,0.0,0,1701216728885,130,0.0
1701216731,1.0991900000000001,1.0995,0.0,0,1701216731940,130,0.0
1701216741,1.0991900000000001,1.09949,0.0,0,1701216741780,4,0.0
1701216741,1.09921,1.09949,0.0,0,1701216741947,130,0.0
1701216758,1.09927,1.09944,0.0,0,1701216758115,134,0.0
1701216764,1.0993,1.09942,0.0,0,1701216764379,134,0.0
1701216771,1.09932,1.09942,0.0,0,1701216771010,130,0.0
1701216784,1.09933,1.0994,0.0,0,1701216784203,134,0.0
1701216793,1.09934,1.0994,0.0,0,1701216793089,130,0.0
1701216837,1.09935,1.0994,0.0,0,1701216837002,130,0.0
1701216838,1.09927,1.09943,0.0,0,1701216838942,134,0.0
1701216840,1.09928,1.09943,0.0,0,1701216840058,130,0.0
1701216840,1.09946,1.09957,0.0,0,1701216840474,134,0.0
1701216840,1.09946,1.0996299999999999,0.0,0,1701216840715,4,0.0
1701216840,1.09946,1.09964,0.0,0,1701216840829,4,0.0
1701216841,1.0994,1.0996299999999999,0.0,0,1701216841288,134,0.0
1701216845,1.0994,1.09962,0.0,0,1701216845774,4,0.0
1701216856,1.09941,1.09962,0.0,0,1701216856849,130,0.0
1701216858,1.09916,1.09947,0.0,0,1701216858232,134,0.0
1701216858,1.09926,1.09947,0.0,0,1701216858431,130,0.0
1701216858,1.09924,1.09947,0.0,0,1701216858484,130,0.0
1701216858,1.09922,1.09947,0.0,0,1701216858760,130,0.0
1701216858,1.09923,1.09947,0.0,0,1701216858781,130,0.0
1701216859,1.09924,1.09947,0.0,0,1701216859909,130,0.0
1701216862,1.09923,1.09947,0.0,0,1701216862561,130,0.0
1701216867,1.09927,1.09954,0.0,0,1701216867512,134,0.0
1701216867,1.09928,1.09954,0.0,0,1701216867671,130,0.0
1701216867,1.09929,1.09954,0.0,0,1701216867998,130,0.0
1701216868,1.0993,1.09954,0.0,0,1701216868326,130,0.0
1701216870,1.09929,1.09954,0.0,0,1701216870070,130,0.0
1701216872,1.09916,1.09943,0.0,0,1701216872160,134,0.0
1701216876,1.09929,1.09955,0.0,0,1701216876444,134,0.0
1701216876,1.09927,1.09955,0.0,0,1701216876582,130,0.0
1701216879,1.09928,1.09955,0.0,0,1701216879814,130,0.0
1701216890,1.09927,1.09955,0.0,0,1701216890323,130,0.0
1701216890,1.09929,1.09955,0.0,0,1701216890518,130,0.0
1701216895,1.09929,1.09952,0.0,0,1701216895978,4,0.0
1701216918,1.09927,1.09952,0.0,0,1701216918216,130,0.0
1701216918,1.09929,1.09952,0.0,0,1701216918490,130,0.0
1701216943,1.09922,1.09946,0.0,0,1701216943159,134,0.0
1701216949,1.09938,1.09955,0.0,0,1701216949939,134,0.0
1701216969,1.09937,1.09955,0.0,0,1701216969326,130,0.0
1701216983,1.09938,1.09955,0.0,0,1701216983859,130,0.0
1701216995,1.09929,1.09955,0.0,0,1701216995498,130,0.0
1701217005,1.0993,1.09955,0.0,0,1701217005499,130,0.0
1701217015,1.0993,1.09974,0.0,0,1701217015245,4,0.0
1701217016,1.0993,1.09955,0.0,0,1701217016018,4,0.0
1701217020,1.0993,1.09974,0.0,0,1701217020112,134,0.0
1701217039,1.09929,1.09974,0.0,0,1701217039699,130,0.0
1701217041,1.0993,1.09974,0.0,0,1701217041577,130,0.0
1701217046,1.09928,1.09973,0.0,0,1701217046237,134,0.0
1701217053,1.09933,1.09971,0.0,0,1701217053317,134,0.0
1701217065,1.09935,1.09967,0.0,0,1701217065200,134,0.0
1701217126,1.09916,1.09966,0.0,0,1701217126118,134,0.0
1701217127,1.09916,1.09965,0.0,0,1701217127287,4,0.0
1701217127,1.09916,1.09967,0.0,0,1701217127597,4,0.0
1701217156,1.09922,1.09964,0.0,0,1701217156929,134,0.0
1701217163,1.09925,1.0996,0.0,0,1701217163770,134,0.0
1701217164,1.09926,1.0996,0.0,0,1701217164117,130,0.0
1701217164,1.09926,1.09961,0.0,0,1701217164331,4,0.0
1701217165,1.09926,1.09956,0.0,0,1701217165397,4,0.0
1701217172,1.09926,1.09957,0.0,0,1701217172586,4,0.0
1701217174,1.09924,1.09956,0.0,0,1701217174274,134,0.0
1701217176,1.09925,1.09957,0.0,0,1701217176213,134,0.0
1701217176,1.09924,1.09956,0.0,0,1701217176311,134,0.0
1701217176,1.09925,1.09957,0.0,0,1701217176770,134,0.0
1701217181,1.09925,1.09955,0.0,0,1701217181827,4,0.0
1701217184,1.09925,1.09959,0.0,0,1701217184392,4,0.0
1701217184,1.09923,1.09957,0.0,0,1701217184487,134,0.0
1701217189,1.09921,1.09954,0.0,0,1701217189851,134,0.0
1701217190,1.09922,1.0995,0.0,0,1701217190078,134,0.0
1701217190,1.0992,1.09949,0.0,0,1701217190510,134,0.0
1701217196,1.09916,1.09953,0.0,0,1701217196474,134,0.0
1701217200,1.09917,1.09949,0.0,0,1701217200307,134,0.0
1701217208,1.0992,1.09945,0.0,0,1701217208234,134,0.0
1701217208,1.09923,1.0995,0.0,0,1701217208234,134,0.0
1701217208,1.09922,1.0995,0.0,0,1701217208367,130,0.0
1701217216,1.09922,1.09952,0.0,0,1701217216012,4,0.0
1701217216,1.09924,1.09952,0.0,0,1701217216139,130,0.0
1701217253,1.09935,1.09946,0.0,0,1701217253727,134,0.0
1701217254,1.09935,1.09947,0.0,0,1701217254093,4,0.0
1701217273,1.09941,1.0995,0.0,0,1701217273423,134,0.0
1701217275,1.0993,1.09955,0.0,0,1701217275107,134,0.0
1701217350,1.09937,1.09946,0.0,0,1701217350219,134,0.0
1701217385,1.09936,1.09946,0.0,0,1701217385694,130,0.0
1701217390,1.09937,1.09946,0.0,0,1701217390688,130,0.0
1701217425,1.09936,1.09946,0.0,0,1701217425071,134,0.0
1701217483,1.09937,1.09946,0.0,0,1701217483859,130,0.0
1701217521,1.09936,1.09946,0.0,0,1701217521056,134,0.0
1701217522,1.09935,1.09946,0.0,0,1701217522530,130,0.0
1701217531,1.09943,1.09949,0.0,0,1701217531098,134,0.0
1701217534,1.09936,1.09957,0.0,0,1701217534277,134,0.0
1701217535,1.0993,1.09957,0.0,0,1701217535332,130,0.0
1701217537,1.0993,1.09958,0.0,0,1701217537472,4,0.0
1701217538,1.09926,1.09955,0.0,0,1701217538749,134,0.0
1701217547,1.09927,1.09957,0.0,0,1701217547717,134,0.0
1701217713,1.09926,1.09949,0.0,0,1701217713050,134,0.0
1701217748,1.09924,1.09939,0.0,0,1701217748689,134,0.0
1701217748,1.09924,1.09936,0.0,0,1701217748762,4,0.0
1701217749,1.09924,1.09935,0.0,0,1701217749152,4,0.0
1701217751,1.09937,1.0996299999999999,0.0,0,1701217751807,134,0.0
1701217752,1.09938,1.0996299999999999,0.0,0,1701217752076,130,0.0
1701217761,1.09939,1.0996299999999999,0.0,0,1701217761955,130,0.0
1701217783,1.0994,1.0996299999999999,0.0,0,1701217783077,130,0.0
1701217791,1.09939,1.0996299999999999,0.0,0,1701217791986,130,0.0
1701217800,1.0994,1.0996299999999999,0.0,0,1701217800131,130,0.0
1701217800,1.09942,1.0996299999999999,0.0,0,1701217800235,130,0.0
1701217804,1.09942,1.09965,0.0,0,1701217804579,4,0.0
1701217804,1.09942,1.09966,0.0,0,1701217804866,4,0.0
1701217843,1.09946,1.09961,0.0,0,1701217843891,134,0.0
1701217850,1.09949,1.09959,0.0,0,1701217850308,134,0.0
1701217881,1.09952,1.09957,0.0,0,1701217881253,134,0.0
1701217912,1.09952,1.09958,0.0,0,1701217912356,4,0.0
1701217951,1.09952,1.09957,0.0,0,1701217951877,134,0.0
1701217954,1.09951,1.09957,0.0,0,1701217954890,130,0.0
1701217974,1.09952,1.09957,0.0,0,1701217974425,130,0.0
1701217996,1.09952,1.09958,0.0,0,1701217996196,134,0.0
1701217996,1.09952,1.09957,0.0,0,1701217996587,4,0.0
1701218063,1.09952,1.09958,0.0,0,1701218063557,134,0.0
1701218065,1.09952,1.09957,0.0,0,1701218065596,4,0.0
1701218066,1.09953,1.09958,0.0,0,1701218066059,134,0.0
1701218068,1.09952,1.09958,0.0,0,1701218068762,130,0.0
1701218069,1.09953,1.09958,0.0,0,1701218069271,130,0.0
1701218069,1.09952,1.09958,0.0,0,1701218069727,130,0.0
1701218070,1.09953,1.09958,0.0,0,1701218070236,130,0.0
1701218071,1.09952,1.09958,0.0,0,1701218071886,130,0.0
1701218072,1.09953,1.09958,0.0,0,1701218072385,130,0.0
1701218073,1.09952,1.09958,0.0,0,1701218073555,130,0.0
1701218074,1.09953,1.09958,0.0,0,1701218074061,130,0.0
1701218075,1.09952,1.09958,0.0,0,1701218075081,130,0.0
1701218075,1.09953,1.09958,0.0,0,1701218075590,130,0.0
1701218076,1.09952,1.09958,0.0,0,1701218076056,130,0.0
1701218076,1.09953,1.09958,0.0,0,1701218076564,130,0.0
1701218077,1.09952,1.09958,0.0,0,1701218077076,130,0.0
1701218077,1.09953,1.09958,0.0,0,1701218077584,130,0.0
1701218078,1.09952,1.09958,0.0,0,1701218078956,130,0.0
1701218079,1.09953,1.09958,0.0,0,1701218079473,130,0.0
1701218079,1.09952,1.09958,0.0,0,1701218079928,130,0.0
1701218080,1.09953,1.09958,0.0,0,1701218080439,130,0.0
1701218080,1.09952,1.09958,0.0,0,1701218080947,130,0.0
1701218081,1.09953,1.09958,0.0,0,1701218081461,130,0.0
1701218081,1.09952,1.09958,0.0,0,1701218081965,130,0.0
1701218082,1.09953,1.09958,0.0,0,1701218082426,130,0.0
1701218082,1.09952,1.09957,0.0,0,1701218082784,134,0.0
1701218083,1.09953,1.09958,0.0,0,1701218083046,134,0.0
1701218091,1.0995,1.0996299999999999,0.0,0,1701218091499,134,0.0
1701218092,1.09951,1.09961,0.0,0,1701218092877,134,0.0
1701218096,1.09951,1.0996,0.0,0,1701218096299,4,0.0
1701218102,1.09951,1.09962,0.0,0,1701218102972,134,0.0
1701218103,1.09951,1.0996299999999999,0.0,0,1701218103169,4,0.0
1701218103,1.09951,1.0996,0.0,0,1701218103278,4,0.0
1701218115,1.09952,1.09958,0.0,0,1701218115556,134,0.0
1701218127,1.09952,1.0996,0.0,0,1701218127921,4,0.0
1701218128,1.09952,1.09958,0.0,0,1701218128258,4,0.0
1701218130,1.09953,1.09958,0.0,0,1701218130890,130,0.0
1701218153,1.09954,1.09959,0.0,0,1701218153007,134,0.0
1701218153,1.09953,1.09958,0.0,0,1701218153341,134,0.0
1701218189,1.09954,1.09959,0.0,0,1701218189515,134,0.0
1701218189,1.09953,1.09958,0.0,0,1701218189632,134,0.0
1701218204,1.09954,1.09959,0.0,0,1701218204550,134,0.0
1701218204,1.09953,1.09958,0.0,0,1701218204816,134,0.0
1701218218,1.09952,1.09958,0.0,0,1701218218212,130,0.0
1701218240,1.09954,1.0996,0.0,0,1701218240481,134,0.0
1701218240,1.09952,1.09958,0.0,0,1701218240792,134,0.0
1701218245,1.09951,1.09957,0.0,0,1701218245077,134,0.0
1701218264,1.09952,1.09958,0.0,0,1701218264633,134,0.0
1701218265,1.09951,1.09957,0.0,0,1701218265544,134,0.0
1701218271,1.09952,1.09957,0.0,0,1701218271248,130,0.0
1701218276,1.09952,1.09958,0.0,0,1701218276288,4,0.0
1701218296,1.09953,1.09958,0.0,0,1701218296548,130,0.0
1701218316,1.09953,1.09959,0.0,0,1701218316356,4,0.0
1701218316,1.09953,1.09958,0.0,0,1701218316677,4,0.0
1701218320,1.09952,1.09957,0.0,0,1701218320646,134,0.0
1701218391,1.09953,1.09958,0.0,0,1701218391383,134,0.0
1701218393,1.09952,1.09957,0.0,0,1701218393833,134,0.0
1701218397,1.09952,1.09958,0.0,0,1701218397337,4,0.0
1701218397,1.09952,1.09957,0.0,0,1701218397800,4,0.0
1701218401,1.09953,1.09958,0.0,0,1701218401057,134,0.0
1701218401,1.09952,1.09957,0.0,0,1701218401177,134,0.0
1701218402,1.09949,1.09957,0.0,0,1701218402807,130,0.0
1701218405,1.09952,1.09957,0.0,0,1701218405495,130,0.0
1701218406,1.09952,1.09958,0.0,0,1701218406407,4,0.0
1701218407,1.09952,1.09957,0.0,0,1701218407225,4,0.0
1701218425,1.09951,1.09957,0.0,0,1701218425387,130,0.0
1701218425,1.09951,1.09956,0.0,0,1701218425593,4,0.0
1701218502,1.09951,1.09957,0.0,0,1701218502554,134,0.0
1701218502,1.09951,1.09956,0.0,0,1701218502814,4,0.0
1701218520,1.0995,1.09955,0.0,0,1701218520532,134,0.0
1701218531,1.09951,1.09956,0.0,0,1701218531795,134,0.0
1701218532,1.09951,1.09957,0.0,0,1701218532170,4,0.0
1701218540,1.0995,1.09959,0.0,0,1701218540614,134,0.0
1701218540,1.0995,1.09958,0.0,0,1701218540966,4,0.0
1701218556,1.09952,1.09957,0.0,0,1701218556218,134,0.0
1701218562,1.09951,1.09957,0.0,0,1701218562802,130,0.0
1701218566,1.09952,1.09957,0.0,0,1701218566675,130,0.0
1701218571,1.09951,1.09957,0.0,0,1701218571676,130,0.0
1701218572,1.09952,1.09957,0.0,0,1701218572125,130,0.0
1701218575,1.09951,1.09957,0.0,0,1701218575097,130,0.0
1701218575,1.09952,1.09957,0.0,0,1701218575398,130,0.0
1701218580,1.09951,1.09956,0.0,0,1701218580084,134,0.0
1701218580,1.0995,1.09955,0.0,0,1701218580362,134,0.0
1701218583,1.09943,1.09962,0.0,0,1701218583336,134,0.0
1701218583,1.09943,1.0996299999999999,0.0,0,1701218583655,4,0.0
1701218583,1.09943,1.09962,0.0,0,1701218583745,4,0.0
1701218584,1.09943,1.0996299999999999,0.0,0,1701218584159,4,0.0
1701218585,1.09943,1.09962,0.0,0,1701218585026,4,0.0
1701218585,1.09943,1.0996299999999999,0.0,0,1701218585435,4,0.0
1701218598,1.09947,1.0996,0.0,0,1701218598496,134,0.0
1701218598,1.09947,1.09959,0.0,0,1701218598984,4,0.0
1701218632,1.09951,1.09957,0.0,0,1701218632730,134,0.0
1701218637,1.09951,1.09956,0.0,0,1701218637721,4,0.0
1701218642,1.09951,1.09957,0.0,0,1701218642612,134,0.0
1701218644,1.0995,1.09957,0.0,0,1701218644041,130,0.0
1701218647,1.09952,1.0996,0.0,0,1701218647012,134,0.0
1701218670,1.0995,1.09961,0.0,0,1701218670684,134,0.0
1701218672,1.09951,1.09961,0.0,0,1701218672920,130,0.0
1701218682,1.09953,1.0996,0.0,0,1701218682351,134,0.0
1701218683,1.09951,1.09961,0.0,0,1701218683647,134,0.0
1701218689,1.09952,1.09958,0.0,0,1701218689884,134,0.0
1701218690,1.09952,1.09957,0.0,0,1701218690233,4,0.0
1701218690,1.09951,1.09957,0.0,0,1701218690395,130,0.0
1701218697,1.09946,1.09964,0.0,0,1701218697197,134,0.0
1701218701,1.09946,1.0996299999999999,0.0,0,1701218701824,134,0.0
1701218702,1.09947,1.0996299999999999,0.0,0,1701218702274,130,0.0
1701218702,1.09947,1.09964,0.0,0,1701218702579,4,0.0
1701218702,1.09946,1.09964,0.0,0,1701218702774,130,0.0
1701218703,1.09946,1.09965,0.0,0,1701218703240,4,0.0
1701218703,1.09945,1.09965,0.0,0,1701218703656,130,0.0
1701218705,1.09946,1.09965,0.0,0,1701218705280,130,0.0
1701218705,1.09945,1.09965,0.0,0,1701218705750,130,0.0
1701218706,1.09946,1.09965,0.0,0,1701218706254,130,0.0
1701218706,1.09945,1.09965,0.0,0,1701218706765,130,0.0
1701218707,1.09945,1.09964,0.0,0,1701218707174,4,0.0
1701218707,1.09946,1.09964,0.0,0,1701218707399,130,0.0
1701218707,1.09945,1.09964,0.0,0,1701218707735,130,0.0
1701218708,1.09946,1.09964,0.0,0,1701218708245,130,0.0
1701218708,1.09945,1.09964,0.0,0,1701218708764,130,0.0
1701218709,1.09946,1.09964,0.0,0,1701218709045,130,0.0
1701218710,1.09947,1.09962,0.0,0,1701218710138,134,0.0
1701218711,1.09944,1.09964,0.0,0,1701218711765,134,0.0
1701218712,1.09945,1.09964,0.0,0,1701218712276,130,0.0
1701218713,1.09946,1.09962,0.0,0,1701218713753,134,0.0
1701218714,1.09947,1.09962,0.0,0,1701218714265,130,0.0
1701218714,1.09946,1.09962,0.0,0,1701218714773,130,0.0
1701218715,1.09947,1.09962,0.0,0,1701218715284,130,0.0
1701218715,1.09949,1.09962,0.0,0,1701218715487,130,0.0
1701218715,1.09948,1.09962,0.0,0,1701218715743,130,0.0
1701218716,1.09946,1.09965,0.0,0,1701218716254,134,0.0
1701218716,1.09944,1.09965,0.0,0,1701218716763,130,0.0
1701218719,1.09944,1.09966,0.0,0,1701218719865,4,0.0
1701218720,1.09944,1.09965,0.0,0,1701218720024,4,0.0
1701218729,1.09948,1.09962,0.0,0,1701218729903,134,0.0
1701218730,1.09948,1.09961,0.0,0,1701218730168,4,0.0
1701218746,1.09951,1.09959,0.0,0,1701218746267,134,0.0
1701218747,1.09951,1.09958,0.0,0,1701218747350,4,0.0
1701218786,1.09951,1.09957,0.0,0,1701218786381,134,0.0
1701218791,1.09952,1.09957,0.0,0,1701218791278,130,0.0
1701218801,1.09946,1.09959,0.0,0,1701218801283,134,0.0
1701218802,1.09944,1.09965,0.0,0,1701218802614,134,0.0
1701218804,1.09944,1.09964,0.0,0,1701218804861,4,0.0
1701218816,1.09946,1.09959,0.0,0,1701218816320,134,0.0
1701218817,1.09946,1.09962,0.0,0,1701218817594,4,0.0
1701218846,1.0995,1.09956,0.0,0,1701218846345,134,0.0
1701218846,1.09951,1.09957,0.0,0,1701218846653,134,0.0
1701218875,1.09951,1.09956,0.0,0,1701218875966,4,0.0
1701218884,1.0995,1.09956,0.0,0,1701218884171,130,0.0
1701218889,1.09951,1.09956,0.0,0,1701218889224,130,0.0
1701218910,1.0995,1.09956,0.0,0,1701218910440,130,0.0
1701218981,1.0995,1.09955,0.0,0,1701218981497,134,0.0
1701218996,1.0995,1.09956,0.0,0,1701218996753,4,0.0
1701218997,1.0995,1.09955,0.0,0,1701218997166,4,0.0
1701218999,1.0995,1.09956,0.0,0,1701218999463,4,0.0
1701219037,1.0995,1.09955,0.0,0,1701219037682,134,0.0
1701219062,1.0995,1.09956,0.0,0,1701219062302,134,0.0
1701219068,1.0995,1.09955,0.0,0,1701219068266,4,0.0
1701219073,1.0995,1.09956,0.0,0,1701219073259,4,0.0
1701219075,1.0995,1.09955,0.0,0,1701219075040,4,0.0
1701219085,1.0995,1.09956,0.0,0,1701219085759,4,0.0
1701219110,1.0995,1.09955,0.0,0,1701219110229,4,0.0
1701219111,1.0995,1.09956,0.0,0,1701219111864,4,0.0
1701219177,1.0995,1.09955,0.0,0,1701219177592,134,0.0
1701219286,1.0995,1.09956,0.0,0,1701219286139,134,0.0
1701219314,1.09951,1.09956,0.0,0,1701219314024,130,0.0
1701219327,1.09948,1.09957,0.0,0,1701219327809,134,0.0
1701219406,1.09949,1.09955,0.0,0,1701219406152,134,0.0
1701219418,1.09949,1.09958,0.0,0,1701219418542,4,0.0
1701219441,1.09929,1.09934,0.0,0,1701219441295,134,0.0
1701219441,1.09931,1.09949,0.0,0,1701219441463,134,0.0
1701219441,1.09934,1.09949,0.0,0,1701219441653,130,0.0
1701219442,1.09925,1.09945,0.0,0,1701219442044,134,0.0
1701219442,1.09926,1.09945,0.0,0,1701219442305,130,0.0
1701219442,1.09925,1.09945,0.0,0,1701219442453,130,0.0
1701219443,1.09924,1.09945,0.0,0,1701219443171,130,0.0
1701219443,1.09923,1.09945,0.0,0,1701219443326,130,0.0
1701219443,1.09922,1.09945,0.0,0,1701219443936,130,0.0
1701219445,1.09925,1.09945,0.0,0,1701219445055,130,0.0
1701219445,1.09922,1.09945,0.0,0,1701219445271,130,0.0
1701219445,1.09921,1.09945,0.0,0,1701219445313,130,0.0
1701219445,1.09922,1.09945,0.0,0,1701219445621,130,0.0
1701219446,1.09918,1.09945,0.0,0,1701219446124,130,0.0
1701219446,1.09917,1.09945,0.0,0,1701219446917,130,0.0
1701219447,1.09918,1.09945,0.0,0,1701219447303,130,0.0
1701219447,1.09918,1.09944,0.0,0,1701219447865,4,0.0
1701219449,1.09917,1.09944,0.0,0,1701219449338,130,0.0
1701219450,1.09916,1.09944,0.0,0,1701219450151,130,0.0
1701219452,1.09917,1.09944,0.0,0,1701219452186,130,0.0
1701219452,1.09916,1.09944,0.0,0,1701219452336,130,0.0
1701219453,1.09918,1.09944,0.0,0,1701219453562,130,0.0
1701219455,1.09917,1.09944,0.0,0,1701219455552,130,0.0
1701219456,1.09918,1.09944,0.0,0,1701219456168,130,0.0
1701219461,1.09916,1.09944,0.0,0,1701219461521,130,0.0
1701219462,1.09918,1.0995,0.0,0,1701219462185,134,0.0
1701219463,1.0991900000000001,1.09947,0.0,0,1701219463554,134,0.0
1701219464,1.09922,1.09947,0.0,0,1701219464068,130,0.0
1701219465,1.0992,1.09947,0.0,0,1701219465696,130,0.0
1701219467,1.09918,1.09947,0.0,0,1701219467178,130,0.0
1701219467,1.09921,1.09947,0.0,0,1701219467386,130,0.0
1701219467,1.09917,1.09947,0.0,0,1701219467713,130,0.0
1701219468,1.0992,1.09947,0.0,0,1701219468144,130,0.0
1701219468,1.0991900000000001,1.09947,0.0,0,1701219468654,130,0.0
1701219470,1.0992,1.09947,0.0,0,1701219470083,130,0.0
1701219470,1.0991900000000001,1.09947,0.0,0,1701219470350,130,0.0
1701219471,1.09918,1.09947,0.0,0,1701219471715,130,0.0
1701219475,1.0991900000000001,1.09947,0.0,0,1701219475748,130,0.0
1701219479,1.09918,1.09947,0.0,0,1701219479822,130,0.0
1701219480,1.0991900000000001,1.09947,0.0,0,1701219480783,130,0.0
1701219483,1.09918,1.09947,0.0,0,1701219483846,130,0.0
1701219484,1.0991900000000001,1.09947,0.0,0,1701219484941,130,0.0
1701219493,1.09918,1.09947,0.0,0,1701219493372,130,0.0
1701219507,1.09922,1.09944,0.0,0,1701219507634,134,0.0
1701219514,1.09922,1.09943,0.0,0,1701219514319,4,0.0
1701219515,1.09923,1.09943,0.0,0,1701219515081,130,0.0
1701219517,1.09923,1.09942,0.0,0,1701219517273,4,0.0
1701219531,1.09924,1.09946,0.0,0,1701219531351,134,0.0
1701219534,1.09926,1.09945,0.0,0,1701219534871,134,0.0
1701219538,1.09929,1.09943,0.0,0,1701219538901,134,0.0
1701219539,1.09928,1.09943,0.0,0,1701219539409,130,0.0
1701219539,1.09929,1.09943,0.0,0,1701219539922,130,0.0
1701219540,1.09928,1.09943,0.0,0,1701219540382,130,0.0
1701219540,1.09929,1.09943,0.0,0,1701219540891,130,0.0
1701219541,1.09928,1.09943,0.0,0,1701219541402,130,0.0
1701219541,1.09929,1.09943,0.0,0,1701219541904,130,0.0
1701219542,1.09928,1.09943,0.0,0,1701219542423,130,0.0
1701219542,1.09929,1.09943,0.0,0,1701219542872,130,0.0
1701219543,1.09928,1.09943,0.0,0,1701219543388,130,0.0
1701219543,1.09929,1.09943,0.0,0,1701219543891,130,0.0
1701219544,1.09926,1.09945,0.0,0,1701219544274,134,0.0
1701219544,1.09927,1.09946,0.0,0,1701219544505,134,0.0
1701219553,1.09929,1.09947,0.0,0,1701219553532,134,0.0
1701219553,1.09926,1.09947,0.0,0,1701219553833,130,0.0
1701219555,1.09926,1.09948,0.0,0,1701219555264,4,0.0
1701219562,1.09928,1.09947,0.0,0,1701219562113,134,0.0
1701219562,1.09927,1.09947,0.0,0,1701219562297,130,0.0
1701219577,1.09932,1.09943,0.0,0,1701219577264,134,0.0
1701219582,1.09932,1.09942,0.0,0,1701219582221,4,0.0
1701219588,1.09931,1.09941,0.0,0,1701219588560,134,0.0
1701219589,1.09932,1.09941,0.0,0,1701219589066,130,0.0
1701219590,1.09934,1.09941,0.0,0,1701219590133,130,0.0
1701219591,1.09933,1.09944,0.0,0,1701219591406,134,0.0
1701219600,1.09936,1.09945,0.0,0,1701219600830,134,0.0
1701219600,1.09929,1.0995,0.0,0,1701219600830,134,0.0
1701219600,1.0993,1.09952,0.0,0,1701219600830,134,0.0
1701219600,1.09929,1.09951,0.0,0,1701219600830,134,0.0
1701219601,1.09937,1.09949,0.0,0,1701219601046,134,0.0
1701219601,1.09932,1.09953,0.0,0,1701219601473,134,0.0
1701219601,1.09931,1.09954,0.0,0,1701219601473,134,0.0
1701219601,1.09933,1.09954,0.0,0,1701219601713,130,0.0
1701219601,1.09931,1.09953,0.0,0,1701219601760,134,0.0
1701219602,1.09939,1.09952,0.0,0,1701219602043,134,0.0
1701219602,1.09944,1.09957,0.0,0,1701219602495,134,0.0
1701219603,1.09944,1.09956,0.0,0,1701219603459,4,0.0
1701219603,1.09944,1.09957,0.0,0,1701219603680,4,0.0
1701219605,1.09938,1.09959,0.0,0,1701219605512,134,0.0
1701219605,1.09944,1.09957,0.0,0,1701219605882,134,0.0
1701219611,1.09945,1.09957,0.0,0,1701219611632,130,0.0
1701219613,1.09944,1.09957,0.0,0,1701219613672,130,0.0
1701219614,1.09944,1.09956,0.0,0,1701219614905,4,0.0
1701219616,1.09946,1.09956,0.0,0,1701219616591,130,0.0
1701219616,1.09947,1.09956,0.0,0,1701219616962,130,0.0
1701219617,1.09946,1.09956,0.0,0,1701219617642,130,0.0
1701219617,1.09949,1.09956,0.0,0,1701219617863,130,0.0
1701219618,1.09943,1.09955,0.0,0,1701219618103,134,0.0
1701219619,1.09947,1.09955,0.0,0,1701219619482,130,0.0
1701219620,1.09943,1.09955,0.0,0,1701219620037,130,0.0
1701219624,1.09942,1.09955,0.0,0,1701219624841,130,0.0
1701219625,1.09948,1.0996,0.0,0,1701219625130,134,0.0
1701219632,1.09949,1.0996,0.0,0,1701219632618,130,0.0
1701219633,1.0995,1.0996,0.0,0,1701219633044,130,0.0
1701219635,1.09948,1.0996,0.0,0,1701219635883,130,0.0
1701219636,1.09949,1.0996,0.0,0,1701219636023,130,0.0
1701219637,1.09953,1.0996,0.0,0,1701219637925,130,0.0
1701219638,1.09948,1.0996,0.0,0,1701219638637,130,0.0
1701219638,1.0995,1.0996,0.0,0,1701219638698,130,0.0
1701219640,1.09952,1.09958,0.0,0,1701219640050,134,0.0
1701219640,1.09951,1.09958,0.0,0,1701219640733,130,0.0
1701219640,1.0995,1.09958,0.0,0,1701219640960,130,0.0
1701219644,1.09952,1.09958,0.0,0,1701219644701,130,0.0
1701219644,1.09951,1.09958,0.0,0,1701219644918,130,0.0
1701219645,1.0995,1.09958,0.0,0,1701219645003,130,0.0
1701219660,1.0995,1.09957,0.0,0,1701219660044,134,0.0
1701219660,1.0995,1.09954,0.0,0,1701219660098,4,0.0
1701219660,1.0995,1.09953,0.0,0,1701219660427,4,0.0
1701219661,1.0995,1.09954,0.0,0,1701219661371,4,0.0
1701219661,1.0995,1.09955,0.0,0,1701219661760,4,0.0
1701219666,1.0995,1.09953,0.0,0,1701219666873,4,0.0
1701219668,1.0995,1.09957,0.0,0,1701219668673,4,0.0
1701219671,1.0995,1.09956,0.0,0,1701219671711,4,0.0
1701219671,1.0995,1.09955,0.0,0,1701219671982,4,0.0
1701219672,1.0995,1.09954,0.0,0,1701219672068,4,0.0
1701219677,1.0995,1.09957,0.0,0,1701219677064,4,0.0
1701219677,1.09955,1.09959,0.0,0,1701219677274,134,0.0
1701219677,1.09955,1.0996,0.0,0,1701219677987,4,0.0
1701219686,1.09953,1.09959,0.0,0,1701219686505,134,0.0
1701219693,1.09953,1.09958,0.0,0,1701219693685,4,0.0
1701219695,1.09953,1.09959,0.0,0,1701219695063,4,0.0
1701219715,1.09954,1.09956,0.0,0,1701219715547,134,0.0
1701219721,1.09954,1.09957,0.0,0,1701219721222,134,0.0
1701219723,1.09954,1.09956,0.0,0,1701219723645,4,0.0
1701219731,1.09954,1.09958,0.0,0,1701219731727,4,0.0
1701219741,1.09955,1.09958,0.0,0,1701219741933,130,0.0
1701219742,1.09955,1.0996,0.0,0,1701219742610,4,0.0
1701219765,1.09956,1.0996,0.0,0,1701219765134,130,0.0
1701219773,1.09951,1.09955,0.0,0,1701219773444,134,0.0
1701219779,1.09949,1.09958,0.0,0,1701219779286,134,0.0
1701219780,1.09954,1.09962,0.0,0,1701219780023,134,0.0
1701219786,1.09951,1.09962,0.0,0,1701219786547,130,0.0
1701219788,1.09954,1.09962,0.0,0,1701219788462,130,0.0
1701219805,1.09954,1.0996,0.0,0,1701219805009,4,0.0
1701219805,1.09954,1.09962,0.0,0,1701219805412,4,0.0
1701219807,1.09954,1.09961,0.0,0,1701219807345,4,0.0
1701219809,1.09957,1.09961,0.0,0,1701219809134,130,0.0
1701219809,1.09957,1.09962,0.0,0,1701219809273,4,0.0
1701219809,1.09957,1.0996299999999999,0.0,0,1701219809349,4,0.0
1701219809,1.09954,1.09965,0.0,0,1701219809921,134,0.0
1701219810,1.09956,1.09964,0.0,0,1701219810603,134,0.0
1701219826,1.09958,1.0996299999999999,0.0,0,1701219826573,134,0.0
1701219826,1.09959,1.0996299999999999,0.0,0,1701219826775,130,0.0
1701219829,1.09957,1.0996299999999999,0.0,0,1701219829216,130,0.0
1701219835,1.09957,1.09966,0.0,0,1701219835994,4,0.0
1701219836,1.0996,1.0997,0.0,0,1701219836325,134,0.0
1701219836,1.09964,1.0997,0.0,0,1701219836709,130,0.0
1701219841,1.09964,1.09971,0.0,0,1701219841931,134,0.0
1701219843,1.09961,1.09969,0.0,0,1701219843991,134,0.0
1701219844,1.09961,1.09967,0.0,0,1701219844254,4,0.0
1701219847,1.09961,1.09965,0.0,0,1701219847453,4,0.0
1701219851,1.09957,1.0996299999999999,0.0,0,1701219851627,134,0.0
1701219852,1.09957,1.0996,0.0,0,1701219852696,4,0.0
1701219853,1.09956,1.0996,0.0,0,1701219853617,130,0.0
1701219866,1.09957,1.0996,0.0,0,1701219866410,130,0.0
1701219868,1.09956,1.09959,0.0,0,1701219868237,134,0.0
1701219875,1.0995,1.09958,0.0,0,1701219875599,134,0.0
1701219882,1.09956,1.0996,0.0,0,1701219882567,134,0.0
1701219895,1.09956,1.09959,0.0,0,1701219895288,4,0.0
1701219920,1.09956,1.09958,0.0,0,1701219920161,134,0.0
1701219926,1.09956,1.09959,0.0,0,1701219926171,4,0.0
1701219927,1.09949,1.09957,0.0,0,1701219927599,134,0.0
1701219928,1.0995,1.09955,0.0,0,1701219928168,134,0.0
1701219928,1.09948,1.09955,0.0,0,1701219928439,130,0.0
1701219930,1.09948,1.09956,0.0,0,1701219930200,4,0.0
1701219930,1.09948,1.09957,0.0,0,1701219930408,4,0.0
1701219932,1.0995,1.09957,0.0,0,1701219932058,130,0.0
1701219953,1.09949,1.09955,0.0,0,1701219953284,134,0.0
1701219958,1.09951,1.09956,0.0,0,1701219958682,134,0.0
1701219960,1.09951,1.09958,0.0,0,1701219960258,134,0.0
1701219963,1.09949,1.09958,0.0,0,1701219963086,130,0.0
1701219963,1.09951,1.09958,0.0,0,1701219963775,130,0.0
1701219964,1.0995,1.09956,0.0,0,1701219964338,134,0.0
1701219964,1.09949,1.09956,0.0,0,1701219964440,130,0.0
1701219990,1.0995,1.09956,0.0,0,1701219990145,130,0.0
1701219990,1.09949,1.09956,0.0,0,1701219990225,130,0.0
1701219995,1.0995,1.09953,0.0,0,1701219995672,134,0.0
1701219997,1.0995,1.09954,0.0,0,1701219997725,4,0.0
1701219997,1.09949,1.09954,0.0,0,1701219997811,130,0.0
1701220002,1.0995,1.09954,0.0,0,1701220002100,130,0.0
1701220008,1.0995,1.09953,0.0,0,1701220008284,4,0.0
1701220010,1.09951,1.09953,0.0,0,1701220010874,130,0.0
1701220011,1.0995,1.09953,0.0,0,1701220011258,130,0.0
1701220015,1.09952,1.09954,0.0,0,1701220015468,134,0.0
1701220015,1.09953,1.09955,0.0,0,1701220015541,134,0.0
1701220036,1.09948,1.09951,0.0,0,1701220036045,134,0.0
1701220039,1.09946,1.09952,0.0,0,1701220039006,134,0.0
1701220039,1.09952,1.09956,0.0,0,1701220039305,134,0.0
1701220039,1.09952,1.09955,0.0,0,1701220039316,4,0.0
1701220039,1.09952,1.09956,0.0,0,1701220039871,4,0.0
1701220040,1.09952,1.09955,0.0,0,1701220040536,4,0.0
1701220044,1.09953,1.09956,0.0,0,1701220044772,134,0.0
1701220046,1.0995,1.09956,0.0,0,1701220046301,130,0.0
1701220047,1.0995,1.09955,0.0,0,1701220047266,4,0.0
1701220053,1.0995,1.09954,0.0,0,1701220053269,4,0.0
1701220074,1.0995,1.09953,0.0,0,1701220074980,4,0.0
1701220089,1.09951,1.09953,0.0,0,1701220089813,130,0.0
1701220090,1.0995,1.09952,0.0,0,1701220090133,134,0.0
1701220100,1.09951,1.09953,0.0,0,1701220100053,134,0.0
1701220104,1.0995,1.09952,0.0,0,1701220104318,134,0.0
1701220104,1.09951,1.09953,0.0,0,1701220104644,134,0.0
1701220116,1.09947,1.09949,0.0,0,1701220116647,134,0.0
1701220117,1.09944,1.0995,0.0,0,1701220117383,134,0.0
1701220124,1.09945,1.09948,0.0,0,1701220124781,134,0.0
1701220126,1.09947,1.0995,0.0,0,1701220126968,134,0.0
1701220127,1.0995,1.09953,0.0,0,1701220127095,134,0.0
1701220127,1.0995,1.09954,0.0,0,1701220127173,4,0.0
1701220127,1.09951,1.09955,0.0,0,1701220127424,134,0.0
1701220128,1.09949,1.09956,0.0,0,1701220128422,134,0.0
1701220128,1.09948,1.09955,0.0,0,1701220128562,134,0.0
1701220134,1.09948,1.09954,0.0,0,1701220134477,4,0.0
1701220134,1.09948,1.09955,0.0,0,1701220134933,4,0.0
1701220139,1.09948,1.09954,0.0,0,1701220139418,4,0.0
1701220140,1.09948,1.09953,0.0,0,1701220140296,134,0.0
1701220140,1.09948,1.09951,0.0,0,1701220140595,4,0.0
1701220140,1.09946,1.09952,0.0,0,1701220140697,134,0.0
1701220144,1.09948,1.09953,0.0,0,1701220144372,134,0.0
1701220144,1.09947,1.09953,0.0,0,1701220144697,130,0.0
1701220145,1.09948,1.09953,0.0,0,1701220145294,130,0.0
1701220148,1.09947,1.09953,0.0,0,1701220148947,130,0.0
1701220150,1.09948,1.09953,0.0,0,1701220150271,130,0.0
1701220158,1.09949,1.09953,0.0,0,1701220158642,130,0.0
1701220158,1.09949,1.09952,0.0,0,1701220158789,4,0.0
1701220163,1.09948,1.09952,0.0,0,1701220163897,130,0.0
1701220165,1.09949,1.09952,0.0,0,1701220165012,130,0.0
1701220166,1.09949,1.09953,0.0,0,1701220166019,4,0.0
1701220166,1.09949,1.09952,0.0,0,1701220166288,4,0.0
1701220166,1.09949,1.09953,0.0,0,1701220166701,4,0.0
1701220167,1.09949,1.09952,0.0,0,1701220167016,4,0.0
1701220168,1.09949,1.09953,0.0,0,1701220168007,4,0.0
1701220168,1.0995,1.09953,0.0,0,1701220168488,130,0.0
1701220174,1.09954,1.09958,0.0,0,1701220174766,134,0.0
1701220175,1.09954,1.09959,0.0,0,1701220175050,4,0.0
1701220180,1.09953,1.09957,0.0,0,1701220180322,134,0.0
1701220180,1.09951,1.09957,0.0,0,1701220180557,130,0.0
1701220182,1.09952,1.09957,0.0,0,1701220182051,130,0.0
1701220190,1.09953,1.09958,0.0,0,1701220190703,134,0.0
1701220191,1.09953,1.09959,0.0,0,1701220191512,4,0.0
1701220191,1.09953,1.09958,0.0,0,1701220191765,4,0.0
1701220192,1.09954,1.0996,0.0,0,1701220192640,134,0.0
1701220192,1.09953,1.09959,0.0,0,1701220192752,134,0.0
1701220209,1.09954,1.09959,0.0,0,1701220209149,130,0.0
1701220213,1.09953,1.09959,0.0,0,1701220213627,130,0.0
1701220216,1.09957,1.0996,0.0,0,1701220216131,134,0.0
1701220216,1.09955,1.09959,0.0,0,1701220216223,134,0.0
1701220216,1.09961,1.09968,0.0,0,1701220216534,134,0.0
1701220216,1.09961,1.09966,0.0,0,1701220216629,4,0.0
1701220219,1.09962,1.09968,0.0,0,1701220219633,134,0.0
1701220219,1.09961,1.09968,0.0,0,1701220219808,130,0.0
1701220219,1.09961,1.09967,0.0,0,1701220219837,4,0.0
1701220227,1.0996,1.09967,0.0,0,1701220227381,130,0.0
1701220228,1.09961,1.09967,0.0,0,1701220228206,130,0.0
1701220229,1.09962,1.09967,0.0,0,1701220229371,130,0.0
1701220230,1.09961,1.09967,0.0,0,1701220230129,130,0.0
1701220235,1.09962,1.09967,0.0,0,1701220235326,130,0.0
1701220249,1.0996299999999999,1.09968,0.0,0,1701220249626,134,0.0
1701220249,1.09962,1.09968,0.0,0,1701220249699,130,0.0
1701220249,1.09961,1.09968,0.0,0,1701220249856,130,0.0
1701220250,1.09961,1.09967,0.0,0,1701220250047,4,0.0
1701220260,1.0996,1.09965,0.0,0,1701220260164,134,0.0
1701220265,1.09961,1.09965,0.0,0,1701220265611,130,0.0
1701220266,1.0996,1.09965,0.0,0,1701220266015,130,0.0
1701220266,1.09959,1.09965,0.0,0,1701220266162,130,0.0
1701220276,1.0996299999999999,1.09967,0.0,0,1701220276767,134,0.0
1701220276,1.09964,1.09968,0.0,0,1701220276921,134,0.0
1701220277,1.0996299999999999,1.09968,0.0,0,1701220277229,130,0.0
1701220277,1.09961,1.09968,0.0,0,1701220277991,130,0.0
1701220278,1.09961,1.09967,0.0,0,1701220278471,4,0.0
1701220280,1.09962,1.09967,0.0,0,1701220280183,130,0.0
1701220282,1.0996,1.09967,0.0,0,1701220282529,130,0.0
1701220282,1.09961,1.09967,0.0,0,1701220282870,130,0.0
1701220282,1.09962,1.09968,0.0,0,1701220282941,134,0.0
1701220283,1.09964,1.09968,0.0,0,1701220283243,130,0.0
1701220287,1.09964,1.09969,0.0,0,1701220287069,4,0.0
1701220287,1.0996299999999999,1.09969,0.0,0,1701220287251,130,0.0
1701220289,1.0996299999999999,1.09968,0.0,0,1701220289112,4,0.0
1701220291,1.09964,1.09968,0.0,0,1701220291655,130,0.0
1701220294,1.0996299999999999,1.09968,0.0,0,1701220294197,130,0.0
1701220299,1.09964,1.09968,0.0,0,1701220299554,130,0.0
1701220303,1.09964,1.09969,0.0,0,1701220303216,4,0.0
1701220303,1.09964,1.0997,0.0,0,1701220303651,4,0.0
1701220304,1.0996299999999999,1.09969,0.0,0,1701220304656,134,0.0
1701220308,1.09964,1.09969,0.0,0,1701220308120,130,0.0
1701220308,1.09967,1.09973,0.0,0,1701220308377,134,0.0
1701220308,1.09966,1.09972,0.0,0,1701220308435,134,0.0
1701220309,1.09965,1.09972,0.0,0,1701220309685,130,0.0
1701220320,1.09964,1.09971,0.0,0,1701220320248,134,0.0
1701220320,1.09964,1.0997,0.0,0,1701220320603,4,0.0
1701220321,1.0996299999999999,1.0997,0.0,0,1701220321160,130,0.0
1701220322,1.0996299999999999,1.09969,0.0,0,1701220322630,4,0.0
1701220323,1.09962,1.09969,0.0,0,1701220323096,130,0.0
1701220324,1.0996299999999999,1.0997,0.0,0,1701220324210,134,0.0
1701220324,1.09964,1.09973,0.0,0,1701220324537,134,0.0
1701220324,1.09965,1.09973,0.0,0,1701220324537,130,0.0
1701220324,1.09965,1.09972,0.0,0,1701220324751,4,0.0
1701220324,1.09964,1.09972,0.0,0,1701220324970,130,0.0
1701220334,1.09965,1.09972,0.0,0,1701220334458,130,0.0
1701220334,1.09966,1.09972,0.0,0,1701220334815,130,0.0
1701220337,1.09967,1.09973,0.0,0,1701220337768,134,0.0
1701220337,1.09966,1.09972,0.0,0,1701220337952,134,0.0
1701220337,1.09965,1.09971,0.0,0,1701220337970,134,0.0
1701220338,1.09965,1.0997,0.0,0,1701220338280,4,0.0
1701220341,1.09966,1.0997,0.0,0,1701220341794,130,0.0
1701220343,1.09965,1.0997,0.0,0,1701220343071,130,0.0
1701220345,1.0996299999999999,1.0997,0.0,0,1701220345472,130,0.0
1701220345,1.0996299999999999,1.09969,0.0,0,1701220345674,4,0.0
1701220346,1.09964,1.09969,0.0,0,1701220346179,130,0.0
1701220352,1.0996299999999999,1.09969,0.0,0,1701220352394,130,0.0
1701220360,1.09965,1.0997,0.0,0,1701220360710,134,0.0
1701220360,1.09966,1.09972,0.0,0,1701220360884,134,0.0
1701220361,1.09967,1.09972,0.0,0,1701220361061,130,0.0
1701220361,1.09967,1.09971,0.0,0,1701220361158,4,0.0
1701220363,1.09967,1.09972,0.0,0,1701220363052,4,0.0
1701220363,1.0997,1.09977,0.0,0,1701220363504,134,0.0
1701220363,1.09968,1.09975,0.0,0,1701220363504,134,0.0
1701220363,1.09968,1.09974,0.0,0,1701220363697,4,0.0
1701220369,1.09969,1.09974,0.0,0,1701220369986,130,0.0
1701220370,1.09968,1.09974,0.0,0,1701220370306,130,0.0
1701220381,1.09969,1.09975,0.0,0,1701220381192,134,0.0
1701220382,1.09969,1.09974,0.0,0,1701220382209,4,0.0
1701220382,1.09968,1.09974,0.0,0,1701220382507,130,0.0
1701220385,1.09976,1.0998,0.0,0,1701220385167,134,0.0
1701220385,1.09972,1.09978,0.0,0,1701220385586,134,0.0
1701220385,1.09972,1.09977,0.0,0,1701220385586,4,0.0
1701220385,1.09971,1.09977,0.0,0,1701220385802,130,0.0
1701220386,1.09971,1.09976,0.0,0,1701220386086,4,0.0
1701220386,1.0997,1.09976,0.0,0,1701220386171,130,0.0
1701220386,1.09971,1.09976,0.0,0,1701220386461,130,0.0
1701220389,1.09969,1.09975,0.0,0,1701220389187,134,0.0
1701220389,1.09968,1.09975,0.0,0,1701220389644,130,0.0
1701220390,1.09969,1.09975,0.0,0,1701220390813,130,0.0
1701220391,1.09968,1.09975,0.0,0,1701220391214,130,0.0
1701220413,1.0997,1.09974,0.0,0,1701220413885,134,0.0
1701220414,1.09969,1.09974,0.0,0,1701220414656,130,0.0
1701220414,1.0997,1.09974,0.0,0,1701220414843,130,0.0
1701220414,1.09969,1.09974,0.0,0,1701220414853,130,0.0
1701220415,1.09969,1.09975,0.0,0,1701220415314,4,0.0
1701220418,1.09968,1.09975,0.0,0,1701220418779,130,0.0
1701220421,1.0997,1.09974,0.0,0,1701220421375,134,0.0
1701220425,1.09971,1.09975,0.0,0,1701220425269,134,0.0
1701220425,1.0997,1.09974,0.0,0,1701220425429,134,0.0
1701220425,1.09969,1.09974,0.0,0,1701220425503,130,0.0
1701220439,1.0997,1.09974,0.0,0,1701220439462,130,0.0
1701220439,1.09971,1.09976,0.0,0,1701220439605,134,0.0
1701220439,1.09971,1.09977,0.0,0,1701220439703,4,0.0
1701220441,1.09971,1.09978,0.0,0,1701220441266,134,0.0
1701220441,1.09972,1.09978,0.0,0,1701220441806,130,0.0
1701220442,1.09971,1.09977,0.0,0,1701220442694,134,0.0
1701220442,1.0997,1.09977,0.0,0,1701220442910,130,0.0
1701220443,1.09971,1.09978,0.0,0,1701220443378,134,0.0
1701220443,1.0997,1.09977,0.0,0,1701220443663,134,0.0
1701220443,1.09969,1.09975,0.0,0,1701220443789,134,0.0
1701220446,1.09969,1.09976,0.0,0,1701220446043,4,0.0
1701220446,1.0997,1.09977,0.0,0,1701220446296,134,0.0
1701220446,1.09971,1.09978,0.0,0,1701220446296,134,0.0
1701220446,1.0997,1.09976,0.0,0,1701220446526,134,0.0
1701220446,1.09971,1.09978,0.0,0,1701220446946,134,0.0
1701220446,1.09972,1.09978,0.0,0,1701220446946,130,0.0
1701220446,1.0997,1.09977,0.0,0,1701220446947,134,0.0
1701220447,1.09971,1.09977,0.0,0,1701220447845,130,0.0
1701220447,1.0997,1.09977,0.0,0,1701220447973,130,0.0
1701220448,1.09973,1.09978,0.0,0,1701220448879,134,0.0
1701220449,1.0997,1.09977,0.0,0,1701220449335,134,0.0
1701220449,1.09973,1.09978,0.0,0,1701220449491,134,0.0
1701220449,1.0997,1.09977,0.0,0,1701220449640,134,0.0
1701220450,1.09971,1.09977,0.0,0,1701220450620,130,0.0
1701220450,1.09972,1.09978,0.0,0,1701220450824,134,0.0
1701220452,1.09973,1.09979,0.0,0,1701220452577,134,0.0
1701220452,1.09979,1.09984,0.0,0,1701220452908,134,0.0
1701220452,1.09978,1.09984,0.0,0,1701220452908,130,0.0
1701220457,1.09978,1.09985,0.0,0,1701220457239,4,0.0
1701220457,1.09978,1.09984,0.0,0,1701220457525,4,0.0
1701220459,1.09979,1.09984,0.0,0,1701220459328,130,0.0
1701220459,1.09978,1.09984,0.0,0,1701220459738,130,0.0
1701220466,1.09978,1.09983,0.0,0,1701220466657,4,0.0
1701220468,1.09978,1.09984,0.0,0,1701220468189,4,0.0
1701220471,1.09978,1.09983,0.0,0,1701220471394,4,0.0
1701220472,1.09978,1.09984,0.0,0,1701220472315,4,0.0
1701220474,1.09978,1.09983,0.0,0,1701220474371,4,0.0
1701220474,1.09978,1.09984,0.0,0,1701220474587,4,0.0
1701220480,1.0998,1.09987,0.0,0,1701220480976,134,0.0
1701220481,1.09981,1.09986,0.0,0,1701220481282,134,0.0
1701220482,1.09981,1.09987,0.0,0,1701220482343,4,0.0
1701220482,1.09981,1.09986,0.0,0,1701220482493,4,0.0
1701220484,1.09981,1.09987,0.0,0,1701220484484,4,0.0
1701220486,1.09982,1.09987,0.0,0,1701220486887,130,0.0
1701220487,1.09984,1.09989,0.0,0,1701220487227,134,0.0
1701220487,1.09983,1.09989,0.0,0,1701220487227,130,0.0
1701220487,1.09983,1.09987,0.0,0,1701220487801,4,0.0
1701220488,1.09983,1.09988,0.0,0,1701220488217,4,0.0
1701220489,1.09983,1.09989,0.0,0,1701220489677,4,0.0
1701220494,1.09984,1.09989,0.0,0,1701220494162,130,0.0
1701220497,1.09983,1.09989,0.0,0,1701220497931,130,0.0
1701220498,1.09984,1.09989,0.0,0,1701220498691,130,0.0
1701220499,1.09983,1.09989,0.0,0,1701220499004,130,0.0
1701220500,1.09983,1.09988,0.0,0,1701220500135,134,0.0
1701220500,1.09983,1.09989,0.0,0,1701220500428,4,0.0
1701220500,1.09984,1.09989,0.0,0,1701220500995,130,0.0
1701220501,1.09991,1.09995,0.0,0,1701220501419,134,0.0
1701220503,1.09989,1.09995,0.0,0,1701220503292,130,0.0
1701220503,1.0999,1.09995,0.0,0,1701220503834,130,0.0
1701220504,1.09989,1.09995,0.0,0,1701220504848,130,0.0
1701220511,1.09992,1.09999,0.0,0,1701220511425,134,0.0
1701220511,1.09993,1.09999,0.0,0,1701220511547,130,0.0
1701220511,1.09994,1.1,0.0,0,1701220511743,134,0.0
1701220512,1.09993,1.1,0.0,0,1701220512332,130,0.0
1701220513,1.09993,1.09999,0.0,0,1701220513188,4,0.0
1701220517,1.09996,1.10004,0.0,0,1701220517034,134,0.0
1701220517,1.09996,1.10001,0.0,0,1701220517310,4,0.0
1701220517,1.09999,1.10004,0.0,0,1701220517355,134,0.0
1701220517,1.1,1.10005,0.0,0,1701220517639,134,0.0
1701220523,1.1,1.10003,0.0,0,1701220523941,4,0.0
1701220524,1.1,1.10005,0.0,0,1701220524063,4,0.0
1701220529,1.1,1.10006,0.0,0,1701220529002,4,0.0
1701220529,1.09996,1.10003,0.0,0,1701220529111,134,0.0
1701220529,1.09996,1.1,0.0,0,1701220529374,4,0.0
1701220529,1.09996,1.10003,0.0,0,1701220529749,4,0.0
1701220530,1.09995,1.1,0.0,0,1701220530029,134,0.0
1701220530,1.09994,1.1,0.0,0,1701220530058,130,0.0
1701220535,1.09998,1.10001,0.0,0,1701220535457,134,0.0
1701220535,1.10001,1.10005,0.0,0,1701220535753,134,0.0
1701220536,1.1,1.10005,0.0,0,1701220536873,130,0.0
1701220538,1.10001,1.10005,0.0,0,1701220538936,130,0.0
1701220539,1.1,1.10005,0.0,0,1701220539116,130,0.0
1701220539,1.10001,1.10005,0.0,0,1701220539625,130,0.0
1701220547,1.1,1.10005,0.0,0,1701220547213,130,0.0
1701220548,1.10001,1.10005,0.0,0,1701220548740,130,0.0
1701220549,1.1,1.10003,0.0,0,1701220549165,134,0.0
1701220549,1.1,1.10005,0.0,0,1701220549238,4,0.0
1701220550,1.1,1.10004,0.0,0,1701220550113,4,0.0
1701220551,1.09999,1.10002,0.0,0,1701220551234,134,0.0
1701220551,1.09987,1.09992,0.0,0,1701220551477,134,0.0
1701220551,1.09988,1.09993,0.0,0,1701220551559,134,0.0
1701220551,1.09988,1.09994,0.0,0,1701220551802,4,0.0
1701220551,1.09987,1.09993,0.0,0,1701220551841,134,0.0
1701220552,1.09988,1.09993,0.0,0,1701220552119,130,0.0
1701220553,1.09988,1.09994,0.0,0,1701220553272,4,0.0
1701220555,1.09989,1.09995,0.0,0,1701220555432,134,0.0
1701220556,1.0999,1.09995,0.0,0,1701220556073,130,0.0
1701220556,1.09989,1.09995,0.0,0,1701220556170,130,0.0
1701220556,1.09989,1.09993,0.0,0,1701220556932,4,0.0
1701220559,1.09988,1.09993,0.0,0,1701220559483,130,0.0
1701220560,1.09989,1.09993,0.0,0,1701220560384,130,0.0
1701220561,1.09988,1.09993,0.0,0,1701220561484,130,0.0
1701220562,1.09989,1.09993,0.0,0,1701220562696,130,0.0
1701220563,1.09988,1.09993,0.0,0,1701220563013,130,0.0
1701220564,1.09988,1.09992,0.0,0,1701220564472,4,0.0
1701220567,1.09987,1.09992,0.0,0,1701220567885,130,0.0
1701220568,1.09988,1.09993,0.0,0,1701220568948,134,0.0
1701220569,1.09988,1.09992,0.0,0,1701220569257,4,0.0
1701220571,1.09987,1.09992,0.0,0,1701220571349,130,0.0
1701220572,1.09987,1.09991,0.0,0,1701220572113,4,0.0
1701220572,1.09988,1.09993,0.0,0,1701220572313,134,0.0
1701220573,1.09988,1.09992,0.0,0,1701220573247,4,0.0
1701220573,1.09988,1.09993,0.0,0,1701220573581,4,0.0
1701220573,1.09988,1.09992,0.0,0,1701220573994,4,0.0
1701220575,1.09987,1.09992,0.0,0,1701220575900,130,0.0
1701220576,1.09988,1.09993,0.0,0,1701220576873,134,0.0
1701220579,1.09988,1.09992,0.0,0,1701220579859,4,0.0
1701220586,1.09988,1.09991,0.0,0,1701220586179,4,0.0
1701220588,1.09987,1.0999,0.0,0,1701220588925,134,0.0
1701220589,1.09986,1.09989,0.0,0,1701220589196,134,0.0
1701220590,1.09985,1.09988,0.0,0,1701220590040,134,0.0
1701220590,1.09985,1.09989,0.0,0,1701220590403,4,0.0
1701220594,1.09984,1.09988,0.0,0,1701220594469,134,0.0
1701220594,1.09983,1.09988,0.0,0,1701220594822,130,0.0
1701220595,1.09983,1.09987,0.0,0,1701220595897,4,0.0
1701220596,1.09982,1.09987,0.0,0,1701220596046,130,0.0
1701220596,1.09983,1.09987,0.0,0,1701220596339,130,0.0
1701220596,1.09983,1.09988,0.0,0,1701220596558,4,0.0
1701220605,1.09984,1.09988,0.0,0,1701220605893,130,0.0
1701220606,1.09983,1.09988,0.0,0,1701220606368,130,0.0
1701220609,1.09984,1.09988,0.0,0,1701220609299,130,0.0
1701220609,1.09983,1.09988,0.0,0,1701220609552,130,0.0
1701220611,1.09984,1.09988,0.0,0,1701220611527,130,0.0
1701220615,1.09984,1.09989,0.0,0,1701220615911,4,0.0
1701220616,1.09984,1.09988,0.0,0,1701220616153,4,0.0
1701220618,1.09984,1.09987,0.0,0,1701220618408,4,0.0
1701220619,1.09984,1.09988,0.0,0,1701220619730,4,0.0
1701220620,1.09984,1.09989,0.0,0,1701220620401,134,0.0
1701220620,1.09984,1.09988,0.0,0,1701220620650,4,0.0
1701220622,1.09984,1.09989,0.0,0,1701220622893,4,0.0
1701220623,1.09984,1.09988,0.0,0,1701220623562,4,0.0
1701220623,1.09984,1.09987,0.0,0,1701220623831,4,0.0
1701220623,1.09984,1.09988,0.0,0,1701220623831,4,0.0
1701220624,1.09984,1.09989,0.0,0,1701220624802,4,0.0
1701220626,1.09984,1.09988,0.0,0,1701220626000,4,0.0
1701220628,1.09983,1.09988,0.0,0,1701220628184,130,0.0
1701220629,1.09983,1.09987,0.0,0,1701220629156,4,0.0
1701220631,1.09984,1.09989,0.0,0,1701220631976,134,0.0
1701220632,1.09984,1.09988,0.0,0,1701220632215,4,0.0
1701220634,1.09984,1.09989,0.0,0,1701220634148,4,0.0
1701220634,1.09984,1.09988,0.0,0,1701220634563,4,0.0
1701220636,1.09983,1.09988,0.0,0,1701220636751,130,0.0
1701220637,1.09984,1.09989,0.0,0,1701220637059,134,0.0
1701220640,1.09985,1.09989,0.0,0,1701220640940,130,0.0
1701220641,1.09985,1.09988,0.0,0,1701220641223,4,0.0
1701220647,1.09984,1.09988,0.0,0,1701220647111,130,0.0
1701220648,1.09985,1.09988,0.0,0,1701220648532,130,0.0
1701220660,1.09987,1.09989,0.0,0,1701220660543,134,0.0
1701220663,1.09988,1.0999,0.0,0,1701220663751,134,0.0
1701220663,1.09987,1.09989,0.0,0,1701220663999,134,0.0
1701220667,1.09991,1.09993,0.0,0,1701220667974,134,0.0
1701220675,1.0999,1.09994,0.0,0,1701220675103,134,0.0
1701220676,1.09991,1.09994,0.0,0,1701220676618,130,0.0
1701220680,1.09993,1.09996,0.0,0,1701220680276,134,0.0
1701220680,1.09992,1.09996,0.0,0,1701220680503,130,0.0
1701220683,1.09993,1.09996,0.0,0,1701220683459,130,0.0
1701220684,1.09992,1.09996,0.0,0,1701220684477,130,0.0
1701220685,1.09992,1.09997,0.0,0,1701220685444,4,0.0
1701220685,1.09993,1.09997,0.0,0,1701220685471,130,0.0
1701220688,1.09995,1.09998,0.0,0,1701220688710,134,0.0
1701220689,1.09994,1.09998,0.0,0,1701220689079,130,0.0
1701220690,1.09995,1.09998,0.0,0,1701220690512,130,0.0
1701220690,1.09996,1.09999,0.0,0,1701220690740,134,0.0
1701220696,1.09996,1.1,0.0,0,1701220696381,4,0.0
1701220697,1.09996,1.09999,0.0,0,1701220697779,4,0.0
1701220698,1.09996,1.1,0.0,0,1701220698075,4,0.0
1701220700,1.09996,1.10001,0.0,0,1701220700632,4,0.0
1701220701,1.09997,1.10003,0.0,0,1701220701086,134,0.0
1701220701,1.09999,1.10005,0.0,0,1701220701303,134,0.0
1701220701,1.1,1.10005,0.0,0,1701220701303,130,0.0
1701220701,1.09999,1.10005,0.0,0,1701220701612,130,0.0
1701220702,1.10001,1.10005,0.0,0,1701220702147,130,0.0
1701220704,1.10001,1.10006,0.0,0,1701220704758,4,0.0
1701220711,1.10001,1.10005,0.0,0,1701220711120,4,0.0
1701220712,1.10001,1.10006,0.0,0,1701220712649,4,0.0
1701220713,1.10001,1.10007,0.0,0,1701220713505,4,0.0
1701220713,1.10001,1.10006,0.0,0,1701220713589,4,0.0
1701220719,1.10001,1.10005,0.0,0,1701220719169,4,0.0
1701220720,1.10001,1.10006,0.0,0,1701220720801,4,0.0
1701220742,1.10002,1.10004,0.0,0,1701220742545,134,0.0
1701220744,1.10002,1.10005,0.0,0,1701220744509,4,0.0
1701220745,1.10007,1.10009,0.0,0,1701220745618,134,0.0
1701220745,1.10007,1.1001,0.0,0,1701220745709,4,0.0
1701220747,1.10009,1.1001400000000001,0.0,0,1701220747541,134,0.0
1701220748,1.10008,1.10013,0.0,0,1701220748271,134,0.0
1701220748,1.10008,1.1001400000000001,0.0,0,1701220748480,4,0.0
1701220749,1.10009,1.10015,0.0,0,1701220749384,134,0.0
1701220749,1.10011,1.10015,0.0,0,1701220749606,130,0.0
1701220752,1.10011,1.10016,0.0,0,1701220752111,4,0.0
1701220752,1.10011,1.10015,0.0,0,1701220752502,4,0.0
1701220753,1.10011,1.10016,0.0,0,1701220753520,4,0.0
1701220755,1.10009,1.10015,0.0,0,1701220755238,134,0.0
1701220756,1.10009,1.10016,0.0,0,1701220756315,4,0.0
1701220756,1.1001,1.10016,0.0,0,1701220756532,130,0.0
1701220757,1.10013,1.10017,0.0,0,1701220757994,134,0.0
1701220758,1.10011,1.10017,0.0,0,1701220758215,130,0.0
1701220758,1.10009,1.10015,0.0,0,1701220758479,134,0.0
1701220758,1.10008,1.10015,0.0,0,1701220758479,130,0.0
1701220758,1.10009,1.10015,0.0,0,1701220758801,130,0.0
1701220759,1.1001,1.10015,0.0,0,1701220759160,130,0.0
1701220759,1.10011,1.10015,0.0,0,1701220759718,130,0.0
1701220760,1.10007,1.10011,0.0,0,1701220760278,134,0.0
1701220761,1.10007,1.1001,0.0,0,1701220761245,4,0.0
1701220761,1.10005,1.1001,0.0,0,1701220761447,130,0.0
1701220764,1.10004,1.10008,0.0,0,1701220764609,134,0.0
1701220764,1.10004,1.10009,0.0,0,1701220764713,4,0.0
1701220766,1.10004,1.10008,0.0,0,1701220766856,4,0.0
1701220769,1.10004,1.10009,0.0,0,1701220769136,4,0.0
1701220770,1.10004,1.10008,0.0,0,1701220770210,4,0.0
1701220770,1.10002,1.10007,0.0,0,1701220770716,134,0.0
1701220775,1.10001,1.10007,0.0,0,1701220775204,130,0.0
1701220776,1.10002,1.10007,0.0,0,1701220776322,130,0.0
1701220776,1.10001,1.10007,0.0,0,1701220776531,130,0.0
1701220776,1.10001,1.10008,0.0,0,1701220776848,4,0.0
1701220779,1.10002,1.10009,0.0,0,1701220779283,134,0.0
1701220779,1.10001,1.10008,0.0,0,1701220779490,134,0.0
1701220780,1.10002,1.10008,0.0,0,1701220780199,130,0.0
1701220780,1.10001,1.10008,0.0,0,1701220780483,130,0.0
1701220783,1.10002,1.10005,0.0,0,1701220783366,134,0.0
1701220783,1.10001,1.10005,0.0,0,1701220783451,130,0.0
1701220783,1.1,1.10006,0.0,0,1701220783784,134,0.0
1701220783,1.09997,1.10002,0.0,0,1701220783872,134,0.0
1701220784,1.09997,1.10001,0.0,0,1701220784115,4,0.0
1701220785,1.09997,1.10002,0.0,0,1701220785092,4,0.0
1701220785,1.09995,1.10002,0.0,0,1701220785506,130,0.0
1701220786,1.09996,1.10002,0.0,0,1701220786926,130,0.0
1701220787,1.09995,1.10002,0.0,0,1701220787381,130,0.0
1701220791,1.09995,1.10001,0.0,0,1701220791104,4,0.0
1701220791,1.09996,1.10001,0.0,0,1701220791511,130,0.0
1701220791,1.09999,1.10004,0.0,0,1701220791715,134,0.0
1701220791,1.09999,1.10005,0.0,0,1701220791722,4,0.0
1701220792,1.09999,1.10004,0.0,0,1701220792121,4,0.0
1701220793,1.09999,1.10006,0.0,0,1701220793502,4,0.0
1701220795,1.10001,1.10007,0.0,0,1701220795087,134,0.0
1701220795,1.09999,1.10006,0.0,0,1701220795331,134,0.0
1701220797,1.09997,1.10005,0.0,0,1701220797223,134,0.0
1701220797,1.09997,1.10004,0.0,0,1701220797331,4,0.0
1701220797,1.09996,1.10004,0.0,0,1701220797633,130,0.0
1701220800,1.09997,1.10004,0.0,0,1701220800096,130,0.0
1701220802,1.09996,1.10003,0.0,0,1701220802238,134,0.0
1701220805,1.09997,1.10004,0.0,0,1701220805243,134,0.0
1701220810,1.1,1.10004,0.0,0,1701220810191,130,0.0
1701220810,1.09996,1.10001,0.0,0,1701220810521,134,0.0
1701220811,1.09996,1.10002,0.0,0,1701220811231,4,0.0
1701220811,1.09997,1.10002,0.0,0,1701220811595,130,0.0
1701220811,1.09997,1.10003,0.0,0,1701220811834,4,0.0
1701220815,1.09996,1.10003,0.0,0,1701220815722,130,0.0
1701220816,1.09995,1.10001,0.0,0,1701220816086,134,0.0
1701220817,1.09994,1.1,0.0,0,1701220817862,134,0.0
1701220818,1.09994,1.10001,0.0,0,1701220818116,4,0.0
1701220818,1.09994,1.1,0.0,0,1701220818216,4,0.0
1701220820,1.09992,1.09998,0.0,0,1701220820267,134,0.0
1701220820,1.09992,1.09999,0.0,0,1701220820513,4,0.0
1701220820,1.09992,1.09998,0.0,0,1701220820513,4,0.0
1701220820,1.09993,1.09998,0.0,0,1701220820741,130,0.0
1701220820,1.09992,1.09998,0.0,0,1701220820770,130,0.0
1701220821,1.09991,1.09996,0.0,0,1701220821139,134,0.0
1701220824,1.09992,1.09999,0.0,0,1701220824529,134,0.0
1701220824,1.09992,1.09996,0.0,0,1701220824706,4,0.0
1701220824,1.09991,1.09996,0.0,0,1701220824729,130,0.0
1701220825,1.0999,1.09996,0.0,0,1701220825144,130,0.0
1701220825,1.09991,1.09996,0.0,0,1701220825384,130,0.0
1701220827,1.09992,1.09996,0.0,0,1701220827384,130,0.0
1701220831,1.09992,1.09997,0.0,0,1701220831101,4,0.0
1701220831,1.09997,1.10001,0.0,0,1701220831308,134,0.0
1701220831,1.09996,1.10001,0.0,0,1701220831434,130,0.0
1701220831,1.09993,1.1,0.0,0,1701220831640,134,0.0
1701220831,1.09992,1.1,0.0,0,1701220831710,130,0.0
1701220834,1.09992,1.09998,0.0,0,1701220834867,4,0.0
1701220837,1.09992,1.09999,0.0,0,1701220837560,4,0.0
1701220843,1.09991,1.09999,0.0,0,1701220843180,130,0.0
1701220843,1.0999,1.09996,0.0,0,1701220843690,134,0.0
1701220847,1.09989,1.09996,0.0,0,1701220847560,130,0.0
1701220847,1.0999,1.09996,0.0,0,1701220847810,130,0.0
1701220848,1.09989,1.09996,0.0,0,1701220848127,130,0.0
1701220849,1.09989,1.09995,0.0,0,1701220849602,4,0.0
1701220850,1.09988,1.09996,0.0,0,1701220850364,134,0.0
1701220852,1.09989,1.09996,0.0,0,1701220852153,130,0.0
1701220854,1.1,1.10006,0.0,0,1701220854817,134,0.0
1701220870,1.1,1.10004,0.0,0,1701220870349,134,0.0
1701220870,1.1,1.10006,0.0,0,1701220870566,4,0.0
1701220873,1.1,1.10004,0.0,0,1701220873663,4,0.0
1701220873,1.1,1.10006,0.0,0,1701220873880,4,0.0
1701220877,1.10006,1.10011,0.0,0,1701220877750,134,0.0
1701220877,1.10008,1.10011,0.0,0,1701220877871,130,0.0
1701220877,1.10009,1.1001400000000001,0.0,0,1701220877927,134,0.0
1701220878,1.1001,1.10016,0.0,0,1701220878277,134,0.0
1701220878,1.10011,1.10016,0.0,0,1701220878761,130,0.0
1701220880,1.10012,1.10016,0.0,0,1701220880293,130,0.0
1701220880,1.10013,1.10017,0.0,0,1701220880695,134,0.0
1701220881,1.10012,1.10017,0.0,0,1701220881782,130,0.0
1701220883,1.10013,1.10019,0.0,0,1701220883781,134,0.0
1701220884,1.1001400000000001,1.10019,0.0,0,1701220884376,130,0.0
1701220884,1.10013,1.10019,0.0,0,1701220884673,130,0.0
1701220887,1.10012,1.10018,0.0,0,1701220887122,134,0.0
1701220887,1.10013,1.10019,0.0,0,1701220887399,134,0.0
1701220887,1.10013,1.10016,0.0,0,1701220887579,4,0.0
1701220887,1.10012,1.10016,0.0,0,1701220887728,130,0.0
1701220891,1.10011,1.10017,0.0,0,1701220891108,134,0.0
1701220891,1.10016,1.1002,0.0,0,1701220891475,134,0.0
1701220891,1.10015,1.1002,0.0,0,1701220891476,130,0.0
1701220892,1.10015,1.10021,0.0,0,1701220892677,4,0.0
1701220893,1.10015,1.1002,0.0,0,1701220893488,4,0.0
1701220894,1.10015,1.10019,0.0,0,1701220894507,4,0.0
1701220897,1.10016,1.10021,0.0,0,1701220897682,134,0.0
1701220897,1.10015,1.1002,0.0,0,1701220897970,134,0.0
1701220898,1.10016,1.10021,0.0,0,1701220898839,134,0.0
1701220898,1.10016,1.1002,0.0,0,1701220898957,4,0.0
1701220900,1.10015,1.10021,0.0,0,1701220900273,134,0.0
1701220900,1.10015,1.1002,0.0,0,1701220900414,4,0.0
1701220902,1.1001400000000001,1.10019,0.0,0,1701220902286,134,0.0
1701220902,1.1001400000000001,1.1002,0.0,0,1701220902719,4,0.0
1701220905,1.10016,1.10021,0.0,0,1701220905106,134,0.0
1701220906,1.10016,1.1002,0.0,0,1701220906226,4,0.0
1701220907,1.10016,1.10021,0.0,0,1701220907440,4,0.0
1701220908,1.10017,1.10021,0.0,0,1701220908207,130,0.0
1701220909,1.10016,1.10021,0.0,0,1701220909533,130,0.0
1701220914,1.10016,1.1002,0.0,0,1701220914528,4,0.0
1701220914,1.10015,1.1002,0.0,0,1701220914786,130,0.0
1701220915,1.10016,1.1002,0.0,0,1701220915086,130,0.0
1701220917,1.10015,1.10019,0.0,0,1701220917638,134,0.0
1701220918,1.10013,1.10016,0.0,0,1701220918511,134,0.0
1701220920,1.10015,1.1002,0.0,0,1701220920345,134,0.0
1701220922,1.1001400000000001,1.1002,0.0,0,1701220922381,130,0.0
1701220926,1.10016,1.10021,0.0,0,1701220926711,134,0.0
1701220927,1.10013,1.10018,0.0,0,1701220927322,134,0.0
1701220929,1.1001400000000001,1.10018,0.0,0,1701220929971,130,0.0
1701220930,1.1001400000000001,1.1002,0.0,0,1701220930371,4,0.0
1701220932,1.10015,1.10021,0.0,0,1701220932398,134,0.0
1701220934,1.10015,1.1002,0.0,0,1701220934304,4,0.0
1701220934,1.1001400000000001,1.10019,0.0,0,1701220934593,134,0.0
1701220935,1.1002,1.10025,0.0,0,1701220935413,134,0.0
1701220935,1.1002,1.10026,0.0,0,1701220935423,4,0.0
1701220935,1.10018,1.10023,0.0,0,1701220935616,134,0.0
1701220935,1.10017,1.10023,0.0,0,1701220935674,130,0.0
1701220935,1.10018,1.10023,0.0,0,1701220935904,130,0.0
1701220936,1.10017,1.10023,0.0,0,1701220936904,130,0.0
1701220937,1.10018,1.10023,0.0,0,1701220937307,130,0.0
1701220937,1.10017,1.10023,0.0,0,1701220937961,130,0.0
1701220938,1.10015,1.10021,0.0,0,1701220938230,134,0.0
1701220943,1.1001400000000001,1.10021,0.0,0,1701220943818,130,0.0
1701220944,1.1001400000000001,1.1002,0.0,0,1701220944479,4,0.0
1701220948,1.10015,1.10021,0.0,0,1701220948583,134,0.0
1701220952,1.1001400000000001,1.10017,0.0,0,1701220952997,134,0.0
1701220953,1.10013,1.10018,0.0,0,1701220953137,134,0.0
1701220953,1.10012,1.10016,0.0,0,1701220953410,134,0.0
1701220953,1.10013,1.10018,0.0,0,1701220953656,134,0.0
1701220957,1.10012,1.10016,0.0,0,1701220957957,134,0.0
1701220959,1.10011,1.10016,0.0,0,1701220959773,130,0.0
1701220960,1.1001400000000001,1.10019,0.0,0,1701220960022,134,0.0
1701220961,1.1001400000000001,1.1002,0.0,0,1701220961690,4,0.0
1701220962,1.1001400000000001,1.10019,0.0,0,1701220962768,4,0.0
1701220962,1.10013,1.10019,0.0,0,1701220962975,130,0.0
1701220966,1.1001400000000001,1.1002,0.0,0,1701220966934,134,0.0
1701220967,1.1001400000000001,1.10019,0.0,0,1701220967060,4,0.0
1701220967,1.10013,1.10018,0.0,0,1701220967257,134,0.0
1701220970,1.10012,1.10016,0.0,0,1701220970232,134,0.0
1701220972,1.10012,1.10017,0.0,0,1701220972259,4,0.0
1701220975,1.10015,1.1002,0.0,0,1701220975618,134,0.0
1701220975,1.1001400000000001,1.1002,0.0,0,1701220975842,130,0.0
1701220976,1.10013,1.10019,0.0,0,1701220976223,134,0.0
1701220977,1.1001400000000001,1.10019,0.0,0,1701220977914,130,0.0
1701220980,1.10013,1.10019,0.0,0,1701220980050,130,0.0
1701220980,1.10013,1.10017,0.0,0,1701220980295,4,0.0
1701220980,1.10016,1.10021,0.0,0,1701220980610,134,0.0
1701220983,1.10016,1.10022,0.0,0,1701220983058,4,0.0
1701220983,1.10015,1.10021,0.0,0,1701220983153,134,0.0
1701220983,1.1001400000000001,1.10019,0.0,0,1701220983459,134,0.0
1701220983,1.10013,1.10019,0.0,0,1701220983760,130,0.0
1701220985,1.10013,1.1002,0.0,0,1701220985453,4,0.0
1701220985,1.1001400000000001,1.1002,0.0,0,1701220985952,130,0.0
1701220989,1.10013,1.1002,0.0,0,1701220989012,130,0.0
1701220993,1.1001400000000001,1.1002,0.0,0,1701220993602,130,0.0
1701220995,1.10013,1.10017,0.0,0,1701220995380,134,0.0
1701220998,1.10013,1.10018,0.0,0,1701220998747,4,0.0
1701220998,1.10013,1.10019,0.0,0,1701220998941,4,0.0
1701221003,1.1001400000000001,1.1002,0.0,0,1701221003991,134,0.0
1701221004,1.10015,1.1002,0.0,0,1701221004299,130,0.0
1701221006,1.10016,1.10021,0.0,0,1701221006800,134,0.0
1701221007,1.1001400000000001,1.10019,0.0,0,1701221007566,134,0.0
1701221007,1.10013,1.10019,0.0,0,1701221007866,130,0.0
1701221008,1.10015,1.1002,0.0,0,1701221008890,134,0.0
1701221009,1.10015,1.10021,0.0,0,1701221009174,4,0.0
1701221018,1.10016,1.10021,0.0,0,1701221018071,130,0.0
1701221023,1.10016,1.10022,0.0,0,1701221023920,4,0.0
1701221031,1.10016,1.10021,0.0,0,1701221031099,4,0.0
1701221033,1.10015,1.10021,0.0,0,1701221033917,130,0.0
1701221034,1.10016,1.10021,0.0,0,1701221034214,130,0.0
1701221034,1.1001400000000001,1.1002,0.0,0,1701221034581,134,0.0
1701221034,1.10015,1.10021,0.0,0,1701221034905,134,0.0
1701221035,1.1001400000000001,1.10017,0.0,0,1701221035091,134,0.0
1701221035,1.1001,1.10016,0.0,0,1701221035370,134,0.0
1701221035,1.10011,1.10016,0.0,0,1701221035370,130,0.0
1701221035,1.10012,1.10016,0.0,0,1701221035572,130,0.0
1701221035,1.10011,1.10016,0.0,0,1701221035589,130,0.0
1701221038,1.10012,1.10016,0.0,0,1701221038494,130,0.0
1701221039,1.10011,1.10016,0.0,0,1701221039519,130,0.0
1701221040,1.10012,1.10016,0.0,0,1701221040626,130,0.0
1701221041,1.10011,1.10015,0.0,0,1701221041510,134,0.0
1701221042,1.10011,1.10016,0.0,0,1701221042873,4,0.0
1701221043,1.10011,1.10015,0.0,0,1701221043336,4,0.0
1701221048,1.10011,1.10016,0.0,0,1701221048181,4,0.0
1701221049,1.10012,1.10016,0.0,0,1701221049445,130,0.0
1701221049,1.10011,1.10016,0.0,0,1701221049906,130,0.0
1701221052,1.10012,1.10016,0.0,0,1701221052352,130,0.0
1701221052,1.10011,1.10016,0.0,0,1701221052448,130,0.0
1701221054,1.10012,1.10016,0.0,0,1701221054381,130,0.0
1701221054,1.10011,1.10016,0.0,0,1701221054412,130,0.0
1701221054,1.1001,1.10016,0.0,0,1701221054709,130,0.0
1701221057,1.10011,1.10016,0.0,0,1701221057131,130,0.0
1701221063,1.1001,1.10016,0.0,0,1701221063451,130,0.0
1701221063,1.10011,1.10016,0.0,0,1701221063628,130,0.0
1701221073,1.10012,1.10016,0.0,0,1701221073517,130,0.0
1701221073,1.10011,1.10016,0.0,0,1701221073533,130,0.0
1701221073,1.10012,1.10015,0.0,0,1701221073975,134,0.0
1701221074,1.10012,1.10016,0.0,0,1701221074255,4,0.0
1701221076,1.10011,1.10016,0.0,0,1701221076037,130,0.0
1701221082,1.10013,1.10015,0.0,0,1701221082305,134,0.0
1701221082,1.10015,1.10017,0.0,0,1701221082821,134,0.0
1701221083,1.10016,1.10019,0.0,0,1701221083086,134,0.0
1701221083,1.10015,1.10019,0.0,0,1701221083219,130,0.0
1701221084,1.10015,1.1002,0.0,0,1701221084705,4,0.0
1701221085,1.10017,1.10021,0.0,0,1701221085108,134,0.0
1701221085,1.10015,1.1002,0.0,0,1701221085411,134,0.0
1701221091,1.10011,1.10015,0.0,0,1701221091494,134,0.0
1701221091,1.1001,1.10015,0.0,0,1701221091681,130,0.0
1701221100,1.1001,1.1001400000000001,0.0,0,1701221100155,134,0.0
1701221100,1.10009,1.1001400000000001,0.0,0,1701221100426,130,0.0
1701221100,1.10012,1.10016,0.0,0,1701221100591,134,0.0
1701221100,1.10011,1.10016,0.0,0,1701221100713,130,0.0
1701221104,1.10012,1.10016,0.0,0,1701221104033,130,0.0
1701221105,1.10013,1.10018,0.0,0,1701221105459,134,0.0
1701221105,1.1001400000000001,1.10019,0.0,0,1701221105553,134,0.0
1701221105,1.10013,1.10019,0.0,0,1701221105855,130,0.0
1701221106,1.10012,1.10016,0.0,0,1701221106779,134,0.0
1701221109,1.10013,1.10016,0.0,0,1701221109735,130,0.0
1701221110,1.10013,1.10018,0.0,0,1701221110709,4,0.0
1701221110,1.10015,1.10021,0.0,0,1701221110927,134,0.0
1701221111,1.10015,1.1002,0.0,0,1701221111255,4,0.0
1701221111,1.10016,1.10021,0.0,0,1701221111733,134,0.0
1701221112,1.10017,1.10021,0.0,0,1701221112238,130,0.0
1701221112,1.10016,1.10021,0.0,0,1701221112538,130,0.0
1701221112,1.10015,1.10021,0.0,0,1701221112819,130,0.0
1701221114,1.10015,1.1002,0.0,0,1701221114724,4,0.0
1701221115,1.10016,1.1002,0.0,0,1701221115952,130,0.0
1701221116,1.10015,1.1002,0.0,0,1701221116160,130,0.0
1701221117,1.10016,1.1002,0.0,0,1701221117479,130,0.0
1701221120,1.10017,1.10021,0.0,0,1701221120823,134,0.0
1701221124,1.1002,1.1002399999999999,0.0,0,1701221124063,134,0.0
1701221129,1.1002,1.10025,0.0,0,1701221129759,4,0.0
1701221131,1.10021,1.10025,0.0,0,1701221131666,130,0.0
1701221137,1.10021,1.10026,0.0,0,1701221137668,4,0.0
1701221144,1.10022,1.10026,0.0,0,1701221144189,130,0.0
1701221153,1.10026,1.10029,0.0,0,1701221153422,134,0.0
1701221153,1.10027,1.10032,0.0,0,1701221153815,134,0.0
1701221153,1.10027,1.10031,0.0,0,1701221153815,4,0.0
1701221160,1.1002399999999999,1.10028,0.0,0,1701221160161,134,0.0
1701221161,1.10025,1.10029,0.0,0,1701221161066,134,0.0
1701221161,1.10025,1.1003,0.0,0,1701221161394,4,0.0
1701221162,1.1002399999999999,1.10028,0.0,0,1701221162619,134,0.0
1701221165,1.10025,1.1003,0.0,0,1701221165931,134,0.0
1701221166,1.1002399999999999,1.1003,0.0,0,1701221166637,130,0.0
1701221167,1.1002399999999999,1.10029,0.0,0,1701221167560,4,0.0
1701221170,1.10025,1.1003,0.0,0,1701221170201,134,0.0
1701221170,1.1002399999999999,1.10028,0.0,0,1701221170752,134,0.0
1701221170,1.10025,1.10028,0.0,0,1701221170958,130,0.0
1701221171,1.10025,1.10029,0.0,0,1701221171471,4,0.0
1701221171,1.1002399999999999,1.10028,0.0,0,1701221171580,134,0.0
1701221173,1.10023,1.10028,0.0,0,1701221173504,130,0.0
1701221174,1.1002399999999999,1.10028,0.0,0,1701221174219,130,0.0
1701221177,1.1002399999999999,1.10029,0.0,0,1701221177484,4,0.0
1701221179,1.1002399999999999,1.1003,0.0,0,1701221179787,4,0.0
1701221180,1.10025,1.1003,0.0,0,1701221180099,130,0.0
1701221186,1.1002399999999999,1.10028,0.0,0,1701221186162,134,0.0
1701221189,1.10025,1.10028,0.0,0,1701221189014,130,0.0
1701221190,1.10025,1.10029,0.0,0,1701221190391,4,0.0
1701221194,1.1002399999999999,1.10029,0.0,0,1701221194547,130,0.0
1701221196,1.10025,1.10029,0.0,0,1701221196749,130,0.0
1701221197,1.1002399999999999,1.10029,0.0,0,1701221197194,130,0.0
1701221197,1.1002399999999999,1.1003,0.0,0,1701221197455,4,0.0
1701221197,1.10029,1.10032,0.0,0,1701221197719,134,0.0
1701221197,1.10027,1.10032,0.0,0,1701221197719,130,0.0
1701221197,1.10028,1.10032,0.0,0,1701221197940,130,0.0
1701221197,1.10027,1.10032,0.0,0,1701221197961,130,0.0
1701221200,1.10026,1.10032,0.0,0,1701221200255,130,0.0
1701221200,1.10027,1.10032,0.0,0,1701221200568,130,0.0
1701221200,1.10026,1.10032,0.0,0,1701221200820,130,0.0
1701221201,1.10027,1.10032,0.0,0,1701221201374,130,0.0
1701221202,1.10028,1.10032,0.0,0,1701221202217,130,0.0
1701221202,1.10027,1.10031,0.0,0,1701221202546,134,0.0
1701221207,1.10026,1.10031,0.0,0,1701221207019,130,0.0
1701221210,1.10025,1.10031,0.0,0,1701221210284,130,0.0
1701221210,1.10026,1.10031,0.0,0,1701221210284,130,0.0
1701221212,1.10027,1.10031,0.0,0,1701221212170,130,0.0
1701221212,1.10026,1.10031,0.0,0,1701221212464,130,0.0
1701221219,1.10028,1.10031,0.0,0,1701221219614,130,0.0
1701221220,1.10026,1.10031,0.0,0,1701221220035,130,0.0
1701221225,1.1002399999999999,1.10029,0.0,0,1701221225761,134,0.0
