time,bid,ask,last,volume,time_msc,flags,volume_real
1744746960,3228.547,3228.707,0.0,0,1744746960630,134,0.0
1744746960,3228.516,3228.676,0.0,0,1744746960677,134,0.0
1744746962,3228.583,3228.743,0.0,0,1744746962088,134,0.0
1744746963,3228.557,3228.717,0.0,0,1744746963047,134,0.0
1744746963,3228.598,3228.758,0.0,0,1744746963692,134,0.0
1744746963,3228.635,3228.795,0.0,0,1744746963889,134,0.0
1744746965,3228.639,3228.799,0.0,0,1744746965102,134,0.0
1744746966,3228.637,3228.797,0.0,0,1744746966317,134,0.0
1744746967,3228.594,3228.754,0.0,0,1744746967072,134,0.0
1744746967,3228.557,3228.717,0.0,0,1744746967491,134,0.0
1744746968,3228.556,3228.716,0.0,0,1744746968519,134,0.0
1744746969,3228.55,3228.71,0.0,0,1744746969565,134,0.0
1744746969,3228.509,3228.669,0.0,0,1744746969720,134,0.0
1744746970,3228.483,3228.643,0.0,0,1744746970089,134,0.0
1744746970,3228.457,3228.617,0.0,0,1744746970157,134,0.0
1744746970,3228.431,3228.591,0.0,0,1744746970255,134,0.0
1744746970,3228.396,3228.556,0.0,0,1744746970256,134,0.0
1744746971,3228.384,3228.544,0.0,0,1744746971269,134,0.0
1744746971,3228.415,3228.575,0.0,0,1744746971833,134,0.0
1744746971,3228.461,3228.621,0.0,0,1744746971917,134,0.0
1744746972,3228.513,3228.673,0.0,0,1744746972075,134,0.0
1744746973,3228.597,3228.757,0.0,0,1744746973121,134,0.0
1744746974,3228.536,3228.696,0.0,0,1744746974261,134,0.0
1744746974,3228.487,3228.647,0.0,0,1744746974911,134,0.0
1744746975,3228.498,3228.658,0.0,0,1744746975916,134,0.0
1744746976,3228.518,3228.678,0.0,0,1744746976968,134,0.0
1744746978,3228.529,3228.689,0.0,0,1744746978578,134,0.0
1744746979,3228.532,3228.692,0.0,0,1744746979640,134,0.0
1744746980,3228.511,3228.671,0.0,0,1744746980986,134,0.0
1744746981,3228.549,3228.709,0.0,0,1744746981440,134,0.0
1744746983,3228.575,3228.735,0.0,0,1744746983271,134,0.0
1744746984,3228.595,3228.755,0.0,0,1744746984375,134,0.0
1744746985,3228.599,3228.759,0.0,0,1744746985601,134,0.0
1744746985,3228.654,3228.814,0.0,0,1744746985971,134,0.0
1744746985,3228.684,3228.844,0.0,0,1744746985980,134,0.0
1744746985,3228.717,3228.877,0.0,0,1744746985984,134,0.0
1744746985,3228.749,3228.909,0.0,0,1744746985985,134,0.0
1744746985,3228.783,3228.943,0.0,0,1744746985991,134,0.0
1744746986,3228.822,3228.982,0.0,0,1744746986006,134,0.0
1744746986,3228.851,3229.011,0.0,0,1744746986091,134,0.0
1744746987,3228.86,3229.02,0.0,0,1744746987168,134,0.0
1744746988,3228.868,3229.028,0.0,0,1744746988282,134,0.0
1744746988,3228.839,3228.999,0.0,0,1744746988369,134,0.0
1744746988,3228.871,3229.031,0.0,0,1744746988890,134,0.0
1744746990,3228.768,3228.928,0.0,0,1744746990070,134,0.0
1744746990,3228.805,3228.965,0.0,0,1744746990140,134,0.0
1744746990,3228.858,3229.018,0.0,0,1744746990824,134,0.0
1744746990,3228.8,3228.96,0.0,0,1744746990841,134,0.0
1744746990,3228.762,3228.922,0.0,0,1744746990849,134,0.0
1744746990,3228.72,3228.88,0.0,0,1744746990857,134,0.0
1744746990,3228.671,3228.831,0.0,0,1744746990860,134,0.0
1744746990,3228.645,3228.805,0.0,0,1744746990869,134,0.0
1744746990,3228.615,3228.775,0.0,0,1744746990897,134,0.0
1744746991,3228.641,3228.801,0.0,0,1744746991886,134,0.0
1744746993,3228.747,3228.907,0.0,0,1744746993081,134,0.0
1744746993,3228.79,3228.95,0.0,0,1744746993556,134,0.0
1744746993,3228.821,3228.981,0.0,0,1744746993720,134,0.0
1744746994,3228.853,3229.013,0.0,0,1744746994378,134,0.0
1744746995,3228.892,3229.052,0.0,0,1744746995617,134,0.0
1744746996,3228.917,3229.077,0.0,0,1744746996155,134,0.0
1744746996,3228.883,3229.043,0.0,0,1744746996317,134,0.0
1744746997,3228.771,3228.931,0.0,0,1744746997060,134,0.0
1744746997,3228.722,3228.882,0.0,0,1744746997080,134,0.0
1744746998,3228.795,3228.955,0.0,0,1744746998113,134,0.0
1744746999,3228.857,3229.017,0.0,0,1744746999165,134,0.0
1744747000,3228.853,3229.013,0.0,0,1744747000368,134,0.0
1744747001,3228.888,3229.048,0.0,0,1744747001283,134,0.0
1744747003,3228.876,3229.036,0.0,0,1744747003290,134,0.0
1744747004,3228.891,3229.051,0.0,0,1744747004528,134,0.0
1744747005,3228.909,3229.069,0.0,0,1744747005580,134,0.0
1744747009,3228.916,3229.076,0.0,0,1744747009528,134,0.0
1744747010,3228.894,3229.054,0.0,0,1744747010548,134,0.0
1744747011,3228.89,3229.05,0.0,0,1744747011562,134,0.0
1744747012,3228.882,3229.042,0.0,0,1744747012680,134,0.0
1744747014,3228.879,3229.039,0.0,0,1744747014268,134,0.0
1744747015,3228.914,3229.074,0.0,0,1744747015481,134,0.0
1744747016,3228.918,3229.078,0.0,0,1744747016645,134,0.0
1744747017,3228.862,3229.022,0.0,0,1744747017053,134,0.0
1744747018,3228.834,3228.994,0.0,0,1744747018132,134,0.0
1744747019,3228.83,3228.99,0.0,0,1744747019136,134,0.0
1744747020,3228.857,3229.017,0.0,0,1744747020496,134,0.0
1744747021,3228.891,3229.051,0.0,0,1744747021586,134,0.0
1744747023,3228.971,3229.131,0.0,0,1744747023056,134,0.0
1744747024,3228.895,3229.055,0.0,0,1744747024336,134,0.0
1744747025,3228.888,3229.048,0.0,0,1744747025267,134,0.0
1744747025,3228.813,3228.973,0.0,0,1744747025587,134,0.0
1744747025,3228.769,3228.929,0.0,0,1744747025603,134,0.0
1744747025,3228.742,3228.902,0.0,0,1744747025606,134,0.0
1744747025,3228.717,3228.877,0.0,0,1744747025608,134,0.0
1744747025,3228.691,3228.851,0.0,0,1744747025619,134,0.0
1744747025,3228.666,3228.826,0.0,0,1744747025652,134,0.0
1744747025,3228.694,3228.854,0.0,0,1744747025664,134,0.0
1744747026,3228.738,3228.898,0.0,0,1744747026099,134,0.0
1744747027,3228.764,3228.924,0.0,0,1744747027156,134,0.0
1744747027,3228.827,3228.987,0.0,0,1744747027343,134,0.0
1744747027,3228.784,3228.944,0.0,0,1744747027690,134,0.0
1744747027,3228.827,3228.987,0.0,0,1744747027828,134,0.0
1744747028,3228.88,3229.04,0.0,0,1744747028797,134,0.0
1744747028,3228.919,3229.079,0.0,0,1744747028816,134,0.0
1744747028,3228.951,3229.111,0.0,0,1744747028824,134,0.0
1744747028,3228.988,3229.148,0.0,0,1744747028831,134,0.0
1744747028,3229.019,3229.179,0.0,0,1744747028844,134,0.0
1744747030,3228.963,3229.123,0.0,0,1744747030255,134,0.0
1744747030,3228.938,3229.098,0.0,0,1744747030316,134,0.0
1744747031,3228.953,3229.113,0.0,0,1744747031321,134,0.0
1744747032,3228.918,3229.078,0.0,0,1744747032621,134,0.0
1744747033,3228.852,3229.012,0.0,0,1744747033436,134,0.0
1744747034,3228.813,3228.973,0.0,0,1744747034234,134,0.0
1744747034,3228.768,3228.928,0.0,0,1744747034238,134,0.0
1744747034,3228.74,3228.9,0.0,0,1744747034250,134,0.0
1744747034,3228.716,3228.876,0.0,0,1744747034293,134,0.0
1744747035,3228.725,3228.885,0.0,0,1744747035304,134,0.0
1744747035,3228.783,3228.943,0.0,0,1744747035491,134,0.0
1744747035,3228.844,3229.004,0.0,0,1744747035511,134,0.0
1744747035,3228.878,3229.038,0.0,0,1744747035517,134,0.0
1744747035,3228.907,3229.067,0.0,0,1744747035574,134,0.0
1744747036,3228.928,3229.088,0.0,0,1744747036591,134,0.0
1744747038,3228.867,3229.027,0.0,0,1744747038008,134,0.0
1744747038,3228.829,3228.989,0.0,0,1744747038047,134,0.0
1744747038,3228.784,3228.944,0.0,0,1744747038067,134,0.0
1744747039,3228.764,3228.924,0.0,0,1744747039071,134,0.0
1744747039,3228.736,3228.896,0.0,0,1744747039335,134,0.0
1744747040,3228.793,3228.953,0.0,0,1744747040111,134,0.0
1744747040,3228.831,3228.991,0.0,0,1744747040114,134,0.0
1744747040,3228.872,3229.032,0.0,0,1744747040124,134,0.0
1744747040,3228.905,3229.065,0.0,0,1744747040127,134,0.0
1744747041,3228.894,3229.054,0.0,0,1744747041142,134,0.0
1744747041,3228.948,3229.108,0.0,0,1744747041182,134,0.0
1744747041,3228.979,3229.139,0.0,0,1744747041185,134,0.0
1744747041,3229.023,3229.183,0.0,0,1744747041191,134,0.0
1744747041,3229.082,3229.242,0.0,0,1744747041318,134,0.0
1744747041,3229.103,3229.263,0.0,0,1744747041676,134,0.0
1744747041,3229.157,3229.317,0.0,0,1744747041677,134,0.0
1744747041,3229.184,3229.344,0.0,0,1744747041681,134,0.0
1744747041,3229.214,3229.374,0.0,0,1744747041682,134,0.0
1744747041,3229.241,3229.401,0.0,0,1744747041691,134,0.0
1744747041,3229.266,3229.426,0.0,0,1744747041696,134,0.0
1744747041,3229.368,3229.528,0.0,0,1744747041728,134,0.0
1744747042,3229.314,3229.474,0.0,0,1744747042766,134,0.0
1744747043,3229.341,3229.501,0.0,0,1744747043183,134,0.0
1744747043,3229.365,3229.525,0.0,0,1744747043444,134,0.0
1744747044,3229.37,3229.53,0.0,0,1744747044557,134,0.0
1744747045,3229.38,3229.54,0.0,0,1744747045585,134,0.0
1744747046,3229.354,3229.514,0.0,0,1744747046137,134,0.0
1744747046,3229.303,3229.463,0.0,0,1744747046143,134,0.0
1744747046,3229.264,3229.424,0.0,0,1744747046160,134,0.0
1744747046,3229.222,3229.382,0.0,0,1744747046194,134,0.0
1744747047,3229.224,3229.384,0.0,0,1744747047514,134,0.0
1744747048,3229.288,3229.448,0.0,0,1744747048551,134,0.0
1744747049,3229.238,3229.398,0.0,0,1744747049994,134,0.0
1744747051,3229.3,3229.46,0.0,0,1744747051101,134,0.0
1744747052,3229.246,3229.406,0.0,0,1744747052422,134,0.0
1744747053,3229.241,3229.401,0.0,0,1744747053518,134,0.0
1744747055,3229.315,3229.475,0.0,0,1744747055715,134,0.0
1744747057,3229.244,3229.404,0.0,0,1744747057001,134,0.0
1744747058,3229.263,3229.423,0.0,0,1744747058045,134,0.0
1744747059,3229.268,3229.428,0.0,0,1744747059297,134,0.0
1744747060,3229.273,3229.433,0.0,0,1744747060611,134,0.0
1744747061,3229.328,3229.488,0.0,0,1744747061459,134,0.0
1744747061,3229.368,3229.528,0.0,0,1744747061470,134,0.0
1744747061,3229.396,3229.556,0.0,0,1744747061497,134,0.0
1744747061,3229.424,3229.585,0.0,0,1744747061517,134,0.0
1744747062,3229.483,3229.643,0.0,0,1744747062537,134,0.0
1744747062,3229.389,3229.549,0.0,0,1744747062869,134,0.0
1744747063,3229.485,3229.645,0.0,0,1744747063195,134,0.0
1744747063,3229.526,3229.686,0.0,0,1744747063233,134,0.0
1744747063,3229.483,3229.643,0.0,0,1744747063297,134,0.0
1744747063,3229.581,3229.741,0.0,0,1744747063423,134,0.0
1744747063,3229.541,3229.701,0.0,0,1744747063769,134,0.0
1744747063,3229.568,3229.728,0.0,0,1744747063786,134,0.0
1744747063,3229.594,3229.754,0.0,0,1744747063941,134,0.0
1744747064,3229.57,3229.73,0.0,0,1744747064830,134,0.0
1744747065,3229.531,3229.691,0.0,0,1744747065381,134,0.0
1744747066,3229.51,3229.67,0.0,0,1744747066472,134,0.0
1744747066,3229.47,3229.63,0.0,0,1744747066713,134,0.0
1744747067,3229.509,3229.669,0.0,0,1744747067586,134,0.0
1744747067,3229.55,3229.71,0.0,0,1744747067650,134,0.0
1744747068,3229.589,3229.749,0.0,0,1744747068328,134,0.0
1744747068,3229.625,3229.785,0.0,0,1744747068339,134,0.0
1744747068,3229.649,3229.809,0.0,0,1744747068685,134,0.0
1744747069,3229.65,3229.81,0.0,0,1744747069698,134,0.0
1744747070,3229.736,3229.896,0.0,0,1744747070745,134,0.0
1744747070,3229.616,3229.776,0.0,0,1744747070851,134,0.0
1744747070,3229.559,3229.719,0.0,0,1744747070856,134,0.0
1744747070,3229.522,3229.682,0.0,0,1744747070937,134,0.0
1744747072,3229.526,3229.686,0.0,0,1744747072009,134,0.0
1744747072,3229.491,3229.651,0.0,0,1744747072677,134,0.0
1744747074,3229.48,3229.64,0.0,0,1744747074724,134,0.0
1744747075,3229.449,3229.609,0.0,0,1744747075082,134,0.0
1744747076,3229.426,3229.586,0.0,0,1744747076093,134,0.0
1744747076,3229.459,3229.619,0.0,0,1744747076554,134,0.0
1744747077,3229.54,3229.7,0.0,0,1744747077605,134,0.0
1744747078,3229.504,3229.664,0.0,0,1744747078043,134,0.0
1744747078,3229.477,3229.637,0.0,0,1744747078094,134,0.0
1744747079,3229.468,3229.628,0.0,0,1744747079095,134,0.0
1744747080,3229.384,3229.544,0.0,0,1744747080160,134,0.0
1744747080,3229.439,3229.599,0.0,0,1744747080344,134,0.0
1744747080,3229.468,3229.628,0.0,0,1744747080507,134,0.0
1744747080,3229.505,3229.665,0.0,0,1744747080604,134,0.0
1744747080,3229.556,3229.716,0.0,0,1744747080604,134,0.0
1744747080,3229.584,3229.744,0.0,0,1744747080611,134,0.0
1744747080,3229.68,3229.84,0.0,0,1744747080659,134,0.0
1744747081,3229.641,3229.801,0.0,0,1744747081182,134,0.0
1744747081,3229.595,3229.755,0.0,0,1744747081278,134,0.0
1744747081,3229.538,3229.698,0.0,0,1744747081393,134,0.0
1744747081,3229.499,3229.659,0.0,0,1744747081406,134,0.0
1744747081,3229.469,3229.629,0.0,0,1744747081484,134,0.0
1744747082,3229.501,3229.661,0.0,0,1744747082530,134,0.0
1744747083,3229.539,3229.699,0.0,0,1744747083424,134,0.0
1744747083,3229.507,3229.667,0.0,0,1744747083461,134,0.0
1744747083,3229.479,3229.639,0.0,0,1744747083472,134,0.0
1744747083,3229.442,3229.602,0.0,0,1744747083514,134,0.0
1744747083,3229.421,3229.581,0.0,0,1744747083539,134,0.0
1744747084,3229.435,3229.595,0.0,0,1744747084505,134,0.0
1744747084,3229.498,3229.658,0.0,0,1744747084536,134,0.0
1744747084,3229.549,3229.709,0.0,0,1744747084541,134,0.0
1744747084,3229.523,3229.683,0.0,0,1744747084654,134,0.0
1744747085,3229.499,3229.659,0.0,0,1744747085174,134,0.0
1744747085,3229.449,3229.609,0.0,0,1744747085226,134,0.0
1744747085,3229.409,3229.569,0.0,0,1744747085234,134,0.0
1744747085,3229.373,3229.533,0.0,0,1744747085253,134,0.0
1744747085,3229.394,3229.554,0.0,0,1744747085361,134,0.0
1744747085,3229.439,3229.599,0.0,0,1744747085369,134,0.0
1744747085,3229.473,3229.633,0.0,0,1744747085401,134,0.0
1744747085,3229.436,3229.596,0.0,0,1744747085451,134,0.0
1744747086,3229.488,3229.648,0.0,0,1744747086464,134,0.0
1744747087,3229.41,3229.57,0.0,0,1744747087558,134,0.0
1744747088,3229.449,3229.609,0.0,0,1744747088561,134,0.0
1744747089,3229.426,3229.586,0.0,0,1744747089571,134,0.0
1744747090,3229.427,3229.587,0.0,0,1744747090164,134,0.0
1744747090,3229.356,3229.516,0.0,0,1744747090496,134,0.0
1744747090,3229.328,3229.488,0.0,0,1744747090696,134,0.0
1744747091,3229.303,3229.463,0.0,0,1744747091012,134,0.0
1744747092,3229.322,3229.482,0.0,0,1744747092078,134,0.0
1744747093,3229.338,3229.498,0.0,0,1744747093189,134,0.0
1744747094,3229.358,3229.518,0.0,0,1744747094212,134,0.0
1744747096,3229.351,3229.511,0.0,0,1744747096556,134,0.0
1744747097,3229.31,3229.47,0.0,0,1744747097413,134,0.0
1744747097,3229.269,3229.429,0.0,0,1744747097424,134,0.0
1744747097,3229.245,3229.405,0.0,0,1744747097443,134,0.0
1744747097,3229.287,3229.447,0.0,0,1744747097486,134,0.0
1744747097,3229.328,3229.488,0.0,0,1744747097567,134,0.0
1744747098,3229.361,3229.521,0.0,0,1744747098569,134,0.0
1744747099,3229.34,3229.5,0.0,0,1744747099589,134,0.0
1744747100,3229.322,3229.482,0.0,0,1744747100682,134,0.0
1744747100,3229.285,3229.445,0.0,0,1744747100751,134,0.0
1744747100,3229.324,3229.484,0.0,0,1744747100991,134,0.0
1744747102,3229.333,3229.493,0.0,0,1744747102332,134,0.0
1744747103,3229.33,3229.49,0.0,0,1744747103340,134,0.0
1744747104,3229.325,3229.485,0.0,0,1744747104358,134,0.0
1744747105,3229.317,3229.477,0.0,0,1744747105365,134,0.0
1744747106,3229.322,3229.482,0.0,0,1744747106618,134,0.0
1744747107,3229.283,3229.443,0.0,0,1744747107229,134,0.0
1744747107,3229.248,3229.408,0.0,0,1744747107448,134,0.0
1744747107,3229.297,3229.457,0.0,0,1744747107586,134,0.0
1744747108,3229.328,3229.488,0.0,0,1744747108727,134,0.0
1744747110,3229.367,3229.527,0.0,0,1744747110306,134,0.0
1744747111,3229.4,3229.56,0.0,0,1744747111238,134,0.0
1744747112,3229.377,3229.537,0.0,0,1744747112318,134,0.0
1744747112,3229.423,3229.583,0.0,0,1744747112864,134,0.0
1744747112,3229.454,3229.614,0.0,0,1744747112869,134,0.0
1744747113,3229.422,3229.582,0.0,0,1744747113036,134,0.0
1744747113,3229.377,3229.537,0.0,0,1744747113651,134,0.0
1744747114,3229.355,3229.515,0.0,0,1744747114658,134,0.0
1744747115,3229.364,3229.524,0.0,0,1744747115681,134,0.0
1744747116,3229.401,3229.561,0.0,0,1744747116276,134,0.0
1744747117,3229.428,3229.588,0.0,0,1744747117503,134,0.0
1744747118,3229.419,3229.579,0.0,0,1744747118512,134,0.0
1744747119,3229.406,3229.566,0.0,0,1744747119618,134,0.0
1744747119,3229.362,3229.522,0.0,0,1744747119663,134,0.0
1744747120,3229.363,3229.523,0.0,0,1744747120671,134,0.0
1744747121,3229.402,3229.562,0.0,0,1744747121008,134,0.0
1744747121,3229.347,3229.507,0.0,0,1744747121680,134,0.0
1744747121,3229.305,3229.465,0.0,0,1744747121680,134,0.0
1744747121,3229.275,3229.435,0.0,0,1744747121683,134,0.0
1744747121,3229.245,3229.405,0.0,0,1744747121687,134,0.0
1744747121,3229.218,3229.378,0.0,0,1744747121724,134,0.0
1744747122,3229.246,3229.406,0.0,0,1744747122228,134,0.0
1744747122,3229.289,3229.449,0.0,0,1744747122701,134,0.0
1744747122,3229.332,3229.492,0.0,0,1744747122930,134,0.0
1744747122,3229.367,3229.527,0.0,0,1744747122984,134,0.0
1744747124,3229.396,3229.556,0.0,0,1744747124078,134,0.0
1744747124,3229.375,3229.535,0.0,0,1744747124146,134,0.0
1744747124,3229.297,3229.457,0.0,0,1744747124317,134,0.0
1744747125,3229.243,3229.403,0.0,0,1744747125192,134,0.0
1744747125,3229.217,3229.377,0.0,0,1744747125380,134,0.0
1744747125,3229.19,3229.35,0.0,0,1744747125464,134,0.0
1744747125,3229.165,3229.325,0.0,0,1744747125544,134,0.0
1744747126,3229.186,3229.346,0.0,0,1744747126553,134,0.0
1744747127,3229.175,3229.335,0.0,0,1744747127701,134,0.0
1744747128,3229.163,3229.323,0.0,0,1744747128839,134,0.0
1744747129,3229.219,3229.379,0.0,0,1744747129856,134,0.0
1744747130,3229.188,3229.348,0.0,0,1744747130787,134,0.0
1744747132,3229.277,3229.437,0.0,0,1744747132150,134,0.0
1744747132,3229.322,3229.482,0.0,0,1744747132186,134,0.0
1744747132,3229.284,3229.444,0.0,0,1744747132367,134,0.0
1744747133,3229.289,3229.449,0.0,0,1744747133575,134,0.0
1744747133,3229.219,3229.379,0.0,0,1744747133703,134,0.0
1744747133,3229.178,3229.338,0.0,0,1744747133715,134,0.0
1744747133,3229.219,3229.379,0.0,0,1744747133933,134,0.0
1744747134,3229.256,3229.416,0.0,0,1744747134571,134,0.0
1744747134,3229.294,3229.454,0.0,0,1744747134877,134,0.0
1744747135,3229.325,3229.485,0.0,0,1744747135302,134,0.0
1744747135,3229.35,3229.51,0.0,0,1744747135417,134,0.0
1744747136,3229.355,3229.515,0.0,0,1744747136457,134,0.0
1744747137,3229.376,3229.536,0.0,0,1744747137505,134,0.0
1744747138,3229.388,3229.548,0.0,0,1744747138530,134,0.0
1744747139,3229.353,3229.513,0.0,0,1744747139050,134,0.0
1744747139,3229.311,3229.471,0.0,0,1744747139176,134,0.0
1744747140,3229.33,3229.49,0.0,0,1744747140192,134,0.0
1744747141,3229.411,3229.571,0.0,0,1744747141035,134,0.0
1744747141,3229.478,3229.638,0.0,0,1744747141175,134,0.0
1744747141,3229.423,3229.583,0.0,0,1744747141590,134,0.0
1744747141,3229.464,3229.624,0.0,0,1744747141705,134,0.0
1744747142,3229.415,3229.575,0.0,0,1744747142738,134,0.0
1744747143,3229.442,3229.602,0.0,0,1744747143065,134,0.0
1744747144,3229.46,3229.62,0.0,0,1744747144089,134,0.0
1744747144,3229.408,3229.568,0.0,0,1744747144197,134,0.0
1744747144,3229.362,3229.522,0.0,0,1744747144205,134,0.0
1744747144,3229.322,3229.482,0.0,0,1744747144237,134,0.0
1744747144,3229.288,3229.448,0.0,0,1744747144287,134,0.0
1744747144,3229.341,3229.501,0.0,0,1744747144895,134,0.0
1744747145,3229.38,3229.54,0.0,0,1744747145256,134,0.0
1744747146,3229.339,3229.499,0.0,0,1744747146181,134,0.0
1744747147,3229.352,3229.512,0.0,0,1744747147310,134,0.0
1744747148,3229.374,3229.534,0.0,0,1744747148340,134,0.0
1744747149,3229.359,3229.519,0.0,0,1744747149342,134,0.0
1744747149,3229.397,3229.557,0.0,0,1744747149813,134,0.0
1744747150,3229.426,3229.586,0.0,0,1744747150815,134,0.0
1744747151,3229.376,3229.536,0.0,0,1744747151087,134,0.0
1744747151,3229.334,3229.494,0.0,0,1744747151105,134,0.0
1744747151,3229.3,3229.46,0.0,0,1744747151305,134,0.0
1744747151,3229.342,3229.502,0.0,0,1744747151474,134,0.0
1744747151,3229.305,3229.465,0.0,0,1744747151892,134,0.0
1744747151,3229.272,3229.432,0.0,0,1744747151938,134,0.0
1744747151,3229.241,3229.401,0.0,0,1744747151972,134,0.0
1744747151,3229.205,3229.365,0.0,0,1744747151985,134,0.0
1744747152,3229.178,3229.338,0.0,0,1744747152098,134,0.0
1744747152,3229.203,3229.363,0.0,0,1744747152163,134,0.0
1744747153,3229.222,3229.382,0.0,0,1744747153167,134,0.0
1744747153,3229.268,3229.428,0.0,0,1744747153366,134,0.0
1744747153,3229.216,3229.376,0.0,0,1744747153490,134,0.0
1744747154,3229.182,3229.342,0.0,0,1744747154159,134,0.0
1744747154,3229.151,3229.311,0.0,0,1744747154864,134,0.0
1744747154,3229.126,3229.286,0.0,0,1744747154886,134,0.0
1744747155,3229.156,3229.316,0.0,0,1744747155201,134,0.0
1744747155,3229.28,3229.44,0.0,0,1744747155927,134,0.0
1744747156,3229.3,3229.46,0.0,0,1744747156277,134,0.0
1744747157,3229.205,3229.365,0.0,0,1744747157184,134,0.0
1744747157,3229.165,3229.325,0.0,0,1744747157211,134,0.0
1744747158,3229.192,3229.352,0.0,0,1744747158212,134,0.0
1744747158,3229.156,3229.316,0.0,0,1744747158520,134,0.0
1744747158,3229.197,3229.357,0.0,0,1744747158973,134,0.0
1744747160,3229.226,3229.386,0.0,0,1744747160155,134,0.0
1744747161,3229.237,3229.397,0.0,0,1744747161159,134,0.0
1744747162,3229.245,3229.405,0.0,0,1744747162161,134,0.0
1744747163,3229.241,3229.401,0.0,0,1744747163179,134,0.0
1744747164,3229.238,3229.398,0.0,0,1744747164223,134,0.0
1744747165,3229.243,3229.403,0.0,0,1744747165496,134,0.0
1744747167,3229.247,3229.407,0.0,0,1744747167034,134,0.0
1744747168,3229.254,3229.414,0.0,0,1744747168305,134,0.0
1744747169,3229.245,3229.405,0.0,0,1744747169337,134,0.0
1744747170,3229.269,3229.429,0.0,0,1744747170154,134,0.0
1744747170,3229.308,3229.468,0.0,0,1744747170213,134,0.0
1744747170,3229.34,3229.5,0.0,0,1744747170852,134,0.0
1744747171,3229.357,3229.517,0.0,0,1744747171854,134,0.0
1744747173,3229.381,3229.541,0.0,0,1744747173855,134,0.0
1744747173,3229.416,3229.576,0.0,0,1744747173874,134,0.0
1744747173,3229.493,3229.653,0.0,0,1744747173874,134,0.0
1744747173,3229.519,3229.679,0.0,0,1744747173880,134,0.0
1744747173,3229.575,3229.735,0.0,0,1744747173888,134,0.0
1744747173,3229.624,3229.784,0.0,0,1744747173893,134,0.0
1744747174,3229.634,3229.794,0.0,0,1744747174951,134,0.0
1744747175,3229.607,3229.767,0.0,0,1744747175740,134,0.0
1744747175,3229.548,3229.708,0.0,0,1744747175759,134,0.0
1744747175,3229.492,3229.652,0.0,0,1744747175775,134,0.0
1744747176,3229.528,3229.688,0.0,0,1744747176794,134,0.0
1744747178,3229.53,3229.69,0.0,0,1744747178014,134,0.0
1744747180,3229.514,3229.674,0.0,0,1744747180095,134,0.0
1744747181,3229.512,3229.672,0.0,0,1744747181234,134,0.0
1744747182,3229.514,3229.674,0.0,0,1744747182817,134,0.0
1744747184,3229.513,3229.673,0.0,0,1744747184134,134,0.0
1744747184,3229.476,3229.636,0.0,0,1744747184203,134,0.0
1744747185,3229.466,3229.626,0.0,0,1744747185218,134,0.0
1744747186,3229.489,3229.649,0.0,0,1744747186723,134,0.0
1744747186,3229.526,3229.686,0.0,0,1744747186882,134,0.0
1744747187,3229.561,3229.721,0.0,0,1744747187193,134,0.0
1744747187,3229.593,3229.753,0.0,0,1744747187555,134,0.0
1744747188,3229.552,3229.712,0.0,0,1744747188145,134,0.0
1744747188,3229.587,3229.747,0.0,0,1744747188360,134,0.0
1744747189,3229.605,3229.765,0.0,0,1744747189415,134,0.0
1744747190,3229.614,3229.774,0.0,0,1744747190530,134,0.0
1744747191,3229.586,3229.746,0.0,0,1744747191537,134,0.0
1744747192,3229.62,3229.78,0.0,0,1744747192008,134,0.0
1744747193,3229.622,3229.782,0.0,0,1744747193123,134,0.0
1744747194,3229.646,3229.806,0.0,0,1744747194132,134,0.0
1744747195,3229.647,3229.807,0.0,0,1744747195132,134,0.0
1744747195,3229.681,3229.841,0.0,0,1744747195213,134,0.0
1744747195,3229.708,3229.868,0.0,0,1744747195254,134,0.0
1744747195,3229.778,3229.938,0.0,0,1744747195657,134,0.0
1744747197,3229.783,3229.943,0.0,0,1744747197159,134,0.0
1744747198,3229.791,3229.951,0.0,0,1744747198161,134,0.0
1744747199,3229.793,3229.953,0.0,0,1744747199319,134,0.0
1744747200,3229.86,3230.02,0.0,0,1744747200159,134,0.0
1744747200,3229.935,3230.095,0.0,0,1744747200168,134,0.0
1744747200,3229.968,3230.128,0.0,0,1744747200180,134,0.0
1744747200,3229.994,3230.154,0.0,0,1744747200203,134,0.0
1744747200,3230.022,3230.182,0.0,0,1744747200212,134,0.0
1744747200,3229.977,3230.137,0.0,0,1744747200311,134,0.0
1744747200,3230.01,3230.17,0.0,0,1744747200312,134,0.0
1744747200,3230.041,3230.201,0.0,0,1744747200313,134,0.0
1744747200,3230.145,3230.305,0.0,0,1744747200322,134,0.0
1744747200,3230.099,3230.259,0.0,0,1744747200356,134,0.0
1744747200,3230.065,3230.225,0.0,0,1744747200468,134,0.0
1744747200,3230.031,3230.191,0.0,0,1744747200641,134,0.0
1744747200,3229.977,3230.137,0.0,0,1744747200646,134,0.0
1744747200,3229.938,3230.098,0.0,0,1744747200650,134,0.0
1744747200,3229.899,3230.059,0.0,0,1744747200661,134,0.0
1744747200,3229.871,3230.031,0.0,0,1744747200704,134,0.0
1744747200,3229.845,3230.005,0.0,0,1744747200713,134,0.0
1744747200,3229.804,3229.964,0.0,0,1744747200732,134,0.0
1744747200,3229.776,3229.936,0.0,0,1744747200746,134,0.0
1744747200,3229.745,3229.905,0.0,0,1744747200818,134,0.0
1744747201,3229.726,3229.886,0.0,0,1744747201382,134,0.0
1744747201,3229.766,3229.926,0.0,0,1744747201788,134,0.0
1744747202,3229.803,3229.963,0.0,0,1744747202325,134,0.0
1744747202,3229.872,3230.032,0.0,0,1744747202333,134,0.0
1744747202,3229.909,3230.069,0.0,0,1744747202336,134,0.0
1744747202,3229.943,3230.103,0.0,0,1744747202359,134,0.0
1744747202,3229.969,3230.129,0.0,0,1744747202556,134,0.0
1744747202,3229.929,3230.089,0.0,0,1744747202761,134,0.0
1744747202,3229.884,3230.044,0.0,0,1744747202775,134,0.0
1744747203,3229.919,3230.079,0.0,0,1744747203244,134,0.0
1744747204,3229.93,3230.09,0.0,0,1744747204254,134,0.0
1744747205,3229.891,3230.051,0.0,0,1744747205139,134,0.0
1744747205,3229.848,3230.008,0.0,0,1744747205221,134,0.0
1744747205,3229.814,3229.974,0.0,0,1744747205816,134,0.0
1744747206,3229.784,3229.944,0.0,0,1744747206214,134,0.0
1744747207,3229.773,3229.933,0.0,0,1744747207221,134,0.0
1744747207,3229.821,3229.981,0.0,0,1744747207942,134,0.0
1744747207,3229.86,3230.02,0.0,0,1744747207942,134,0.0
1744747207,3229.9,3230.06,0.0,0,1744747207956,134,0.0
1744747207,3229.971,3230.131,0.0,0,1744747207978,134,0.0
1744747207,3229.997,3230.157,0.0,0,1744747207982,134,0.0
1744747207,3230.048,3230.208,0.0,0,1744747207984,134,0.0
1744747207,3230.078,3230.238,0.0,0,1744747207990,134,0.0
1744747209,3230.093,3230.253,0.0,0,1744747209930,134,0.0
1744747211,3230.091,3230.251,0.0,0,1744747211399,134,0.0
1744747213,3230.092,3230.252,0.0,0,1744747213285,134,0.0
1744747213,3230.121,3230.281,0.0,0,1744747213313,134,0.0
1744747213,3230.151,3230.311,0.0,0,1744747213350,134,0.0
1744747214,3230.164,3230.324,0.0,0,1744747214522,134,0.0
1744747214,3230.194,3230.354,0.0,0,1744747214554,134,0.0
1744747214,3230.222,3230.382,0.0,0,1744747214577,134,0.0
1744747214,3230.247,3230.407,0.0,0,1744747214761,134,0.0
1744747215,3230.257,3230.417,0.0,0,1744747215982,134,0.0
1744747215,3230.288,3230.448,0.0,0,1744747215999,134,0.0
1744747216,3230.316,3230.476,0.0,0,1744747216003,134,0.0
1744747216,3230.356,3230.516,0.0,0,1744747216121,134,0.0
1744747218,3230.379,3230.539,0.0,0,1744747218093,134,0.0
1744747219,3230.374,3230.534,0.0,0,1744747219785,134,0.0
1744747221,3230.394,3230.554,0.0,0,1744747221397,134,0.0
1744747221,3230.417,3230.577,0.0,0,1744747221433,134,0.0
1744747221,3230.386,3230.546,0.0,0,1744747221575,134,0.0
1744747222,3230.436,3230.596,0.0,0,1744747222253,134,0.0
1744747223,3230.435,3230.595,0.0,0,1744747223032,134,0.0
1744747223,3230.461,3230.621,0.0,0,1744747223818,134,0.0
1744747223,3230.504,3230.664,0.0,0,1744747223962,134,0.0
1744747225,3230.511,3230.671,0.0,0,1744747225053,134,0.0
1744747226,3230.607,3230.767,0.0,0,1744747226320,134,0.0
1744747227,3230.54,3230.7,0.0,0,1744747227425,134,0.0
1744747227,3230.623,3230.783,0.0,0,1744747227672,134,0.0
1744747228,3230.572,3230.732,0.0,0,1744747228973,134,0.0
1744747228,3230.596,3230.756,0.0,0,1744747228983,134,0.0
1744747230,3230.618,3230.778,0.0,0,1744747230072,134,0.0
1744747230,3230.644,3230.804,0.0,0,1744747230312,134,0.0
1744747231,3230.67,3230.83,0.0,0,1744747231820,134,0.0
1744747232,3230.683,3230.843,0.0,0,1744747232860,134,0.0
1744747233,3230.779,3230.939,0.0,0,1744747233327,134,0.0
1744747233,3230.809,3230.969,0.0,0,1744747233337,134,0.0
1744747233,3230.843,3231.003,0.0,0,1744747233364,134,0.0
1744747234,3230.898,3231.058,0.0,0,1744747234298,134,0.0
1744747234,3230.939,3231.099,0.0,0,1744747234314,134,0.0
1744747234,3230.967,3231.127,0.0,0,1744747234366,134,0.0
1744747235,3230.882,3231.042,0.0,0,1744747235487,134,0.0
1744747236,3230.884,3231.044,0.0,0,1744747236684,134,0.0
1744747237,3230.895,3231.055,0.0,0,1744747237689,134,0.0
1744747239,3230.909,3231.069,0.0,0,1744747239619,134,0.0
1744747241,3230.916,3231.076,0.0,0,1744747241095,134,0.0
1744747242,3230.882,3231.042,0.0,0,1744747242808,134,0.0
1744747243,3230.843,3231.003,0.0,0,1744747243272,134,0.0
1744747243,3230.885,3231.045,0.0,0,1744747243307,134,0.0
1744747243,3230.932,3231.092,0.0,0,1744747243343,134,0.0
1744747244,3230.953,3231.113,0.0,0,1744747244547,134,0.0
1744747244,3230.916,3231.076,0.0,0,1744747244607,134,0.0
1744747244,3230.952,3231.112,0.0,0,1744747244801,134,0.0
1744747246,3230.947,3231.107,0.0,0,1744747246628,134,0.0
1744747246,3230.906,3231.066,0.0,0,1744747246670,134,0.0
1744747247,3230.933,3231.093,0.0,0,1744747247799,134,0.0
1744747249,3230.953,3231.113,0.0,0,1744747249499,134,0.0
1744747249,3230.908,3231.068,0.0,0,1744747249543,134,0.0
1744747249,3230.948,3231.108,0.0,0,1744747249978,134,0.0
1744747251,3230.949,3231.109,0.0,0,1744747251117,134,0.0
1744747251,3230.904,3231.064,0.0,0,1744747251146,134,0.0
1744747252,3230.89,3231.05,0.0,0,1744747252196,134,0.0
1744747252,3230.928,3231.088,0.0,0,1744747252496,134,0.0
1744747255,3230.941,3231.101,0.0,0,1744747255682,134,0.0
1744747256,3230.899,3231.059,0.0,0,1744747256528,134,0.0
1744747257,3230.861,3231.021,0.0,0,1744747257438,134,0.0
1744747257,3230.822,3230.982,0.0,0,1744747257484,134,0.0
1744747257,3230.871,3231.031,0.0,0,1744747257814,134,0.0
1744747258,3230.888,3231.048,0.0,0,1744747258816,134,0.0
1744747259,3230.932,3231.092,0.0,0,1744747259315,134,0.0
1744747259,3230.892,3231.052,0.0,0,1744747259962,134,0.0
1744747259,3230.847,3231.007,0.0,0,1744747259980,134,0.0
1744747259,3230.808,3230.968,0.0,0,1744747259986,134,0.0
1744747260,3230.783,3230.943,0.0,0,1744747260050,134,0.0
1744747260,3230.757,3230.917,0.0,0,1744747260428,134,0.0
1744747260,3230.725,3230.885,0.0,0,1744747260452,134,0.0
1744747261,3230.751,3230.911,0.0,0,1744747261115,134,0.0
1744747261,3230.797,3230.957,0.0,0,1744747261137,134,0.0
1744747262,3230.828,3230.988,0.0,0,1744747262155,134,0.0
1744747263,3230.81,3230.97,0.0,0,1744747263741,134,0.0
1744747264,3230.809,3230.969,0.0,0,1744747264941,134,0.0
1744747266,3230.811,3230.971,0.0,0,1744747266286,134,0.0
1744747266,3230.769,3230.929,0.0,0,1744747266823,134,0.0
1744747266,3230.722,3230.882,0.0,0,1744747266838,134,0.0
1744747266,3230.69,3230.85,0.0,0,1744747266843,134,0.0
1744747266,3230.665,3230.825,0.0,0,1744747266850,134,0.0
1744747266,3230.639,3230.799,0.0,0,1744747266889,134,0.0
1744747268,3230.662,3230.822,0.0,0,1744747268079,134,0.0
1744747269,3230.733,3230.893,0.0,0,1744747269005,134,0.0
1744747269,3230.77,3230.93,0.0,0,1744747269072,134,0.0
1744747269,3230.806,3230.966,0.0,0,1744747269910,134,0.0
1744747271,3230.83,3230.99,0.0,0,1744747271991,134,0.0
1744747272,3230.804,3230.964,0.0,0,1744747272996,134,0.0
1744747273,3230.764,3230.924,0.0,0,1744747273053,134,0.0
1744747274,3230.749,3230.909,0.0,0,1744747274077,134,0.0
1744747275,3230.73,3230.89,0.0,0,1744747275678,134,0.0
1744747275,3230.696,3230.856,0.0,0,1744747275719,134,0.0
1744747276,3230.678,3230.838,0.0,0,1744747276894,134,0.0
1744747277,3230.694,3230.854,0.0,0,1744747277993,134,0.0
1744747279,3230.701,3230.861,0.0,0,1744747279876,134,0.0
1744747281,3230.804,3230.964,0.0,0,1744747281427,134,0.0
1744747282,3230.834,3230.994,0.0,0,1744747282941,134,0.0
1744747284,3230.77,3230.93,0.0,0,1744747284380,134,0.0
1744747285,3230.816,3230.976,0.0,0,1744747285459,134,0.0
1744747286,3230.716,3230.876,0.0,0,1744747286000,134,0.0
1744747287,3230.697,3230.857,0.0,0,1744747287365,134,0.0
1744747288,3230.739,3230.899,0.0,0,1744747288547,134,0.0
1744747289,3230.839,3230.999,0.0,0,1744747289563,134,0.0
1744747290,3230.858,3231.018,0.0,0,1744747290591,134,0.0
1744747292,3230.815,3230.975,0.0,0,1744747292649,134,0.0
1744747294,3230.818,3230.978,0.0,0,1744747294486,134,0.0
1744747295,3230.813,3230.973,0.0,0,1744747295494,134,0.0
1744747296,3230.807,3230.967,0.0,0,1744747296616,134,0.0
1744747298,3230.805,3230.965,0.0,0,1744747298460,134,0.0
1744747298,3230.767,3230.927,0.0,0,1744747298999,134,0.0
1744747299,3230.811,3230.971,0.0,0,1744747299543,134,0.0
1744747299,3230.849,3231.009,0.0,0,1744747299698,134,0.0
1744747301,3230.857,3231.017,0.0,0,1744747301152,134,0.0
1744747303,3230.849,3231.009,0.0,0,1744747303431,134,0.0
1744747303,3230.886,3231.046,0.0,0,1744747303897,134,0.0
1744747303,3230.915,3231.075,0.0,0,1744747303938,134,0.0
1744747305,3230.974,3231.134,0.0,0,1744747305054,134,0.0
1744747306,3230.967,3231.127,0.0,0,1744747306537,134,0.0
1744747307,3230.933,3231.093,0.0,0,1744747307219,134,0.0
1744747307,3230.889,3231.049,0.0,0,1744747307239,134,0.0
1744747307,3230.848,3231.008,0.0,0,1744747307984,134,0.0
1744747309,3230.835,3230.995,0.0,0,1744747309083,134,0.0
1744747310,3230.829,3230.989,0.0,0,1744747310115,134,0.0
1744747310,3230.879,3231.039,0.0,0,1744747310685,134,0.0
1744747311,3230.915,3231.075,0.0,0,1744747311457,134,0.0
1744747311,3230.958,3231.118,0.0,0,1744747311627,134,0.0
1744747311,3230.983,3231.143,0.0,0,1744747311648,134,0.0
1744747313,3230.998,3231.158,0.0,0,1744747313485,134,0.0
1744747314,3230.997,3231.157,0.0,0,1744747314701,134,0.0
1744747314,3231.028,3231.188,0.0,0,1744747314712,134,0.0
1744747314,3231.052,3231.212,0.0,0,1744747314723,134,0.0
1744747314,3231.15,3231.31,0.0,0,1744747314753,134,0.0
1744747316,3231.092,3231.252,0.0,0,1744747316156,134,0.0
1744747316,3231.05,3231.21,0.0,0,1744747316952,134,0.0
1744747316,3231.009,3231.169,0.0,0,1744747316992,134,0.0
1744747318,3231.027,3231.187,0.0,0,1744747318079,134,0.0
1744747319,3231.017,3231.177,0.0,0,1744747319362,134,0.0
1744747319,3231.088,3231.248,0.0,0,1744747319387,134,0.0
1744747319,3231.113,3231.273,0.0,0,1744747319387,134,0.0
1744747319,3231.146,3231.306,0.0,0,1744747319398,134,0.0
1744747319,3231.181,3231.341,0.0,0,1744747319417,134,0.0
1744747319,3231.223,3231.383,0.0,0,1744747319421,134,0.0
1744747319,3231.26,3231.42,0.0,0,1744747319430,134,0.0
1744747320,3231.253,3231.413,0.0,0,1744747320466,134,0.0
1744747323,3231.258,3231.418,0.0,0,1744747323079,134,0.0
1744747323,3231.288,3231.448,0.0,0,1744747323309,134,0.0
1744747323,3231.351,3231.511,0.0,0,1744747323316,134,0.0
1744747323,3231.389,3231.549,0.0,0,1744747323318,134,0.0
1744747323,3231.417,3231.577,0.0,0,1744747323320,134,0.0
1744747323,3231.441,3231.601,0.0,0,1744747323333,134,0.0
1744747323,3231.518,3231.678,0.0,0,1744747323335,134,0.0
1744747323,3231.607,3231.767,0.0,0,1744747323356,134,0.0
1744747323,3231.637,3231.797,0.0,0,1744747323368,134,0.0
1744747325,3231.635,3231.795,0.0,0,1744747325546,134,0.0
1744747326,3231.609,3231.769,0.0,0,1744747326205,134,0.0
1744747326,3231.585,3231.745,0.0,0,1744747326246,134,0.0
1744747327,3231.597,3231.757,0.0,0,1744747327450,134,0.0
1744747327,3231.56,3231.72,0.0,0,1744747327899,134,0.0
1744747327,3231.52,3231.68,0.0,0,1744747327960,134,0.0
1744747328,3231.511,3231.671,0.0,0,1744747328757,134,0.0
1744747328,3231.443,3231.603,0.0,0,1744747328782,134,0.0
1744747328,3231.416,3231.576,0.0,0,1744747328797,134,0.0
1744747328,3231.466,3231.626,0.0,0,1744747328835,134,0.0
1744747328,3231.51,3231.67,0.0,0,1744747328837,134,0.0
1744747329,3231.547,3231.707,0.0,0,1744747329072,134,0.0
1744747329,3231.586,3231.746,0.0,0,1744747329082,134,0.0
1744747329,3231.61,3231.77,0.0,0,1744747329085,134,0.0
1744747329,3231.667,3231.827,0.0,0,1744747329085,134,0.0
1744747329,3231.725,3231.885,0.0,0,1744747329085,134,0.0
1744747329,3231.755,3231.915,0.0,0,1744747329100,134,0.0
1744747329,3231.783,3231.943,0.0,0,1744747329103,134,0.0
1744747329,3231.81,3231.97,0.0,0,1744747329103,134,0.0
1744747329,3231.838,3231.998,0.0,0,1744747329106,134,0.0
1744747329,3231.872,3232.032,0.0,0,1744747329122,134,0.0
1744747329,3231.969,3232.129,0.0,0,1744747329122,134,0.0
1744747329,3232.067,3232.227,0.0,0,1744747329136,134,0.0
1744747329,3232.096,3232.256,0.0,0,1744747329167,134,0.0
1744747329,3232.127,3232.287,0.0,0,1744747329170,134,0.0
1744747329,3232.17,3232.33,0.0,0,1744747329176,134,0.0
1744747329,3232.267,3232.427,0.0,0,1744747329182,134,0.0
1744747329,3232.222,3232.382,0.0,0,1744747329225,134,0.0
1744747329,3232.269,3232.429,0.0,0,1744747329310,134,0.0
1744747329,3232.172,3232.332,0.0,0,1744747329368,134,0.0
1744747329,3232.226,3232.386,0.0,0,1744747329663,134,0.0
1744747330,3232.217,3232.377,0.0,0,1744747330486,134,0.0
1744747330,3232.121,3232.281,0.0,0,1744747330530,134,0.0
1744747331,3232.096,3232.256,0.0,0,1744747331642,134,0.0
1744747332,3232.124,3232.284,0.0,0,1744747332891,134,0.0
1744747334,3232.169,3232.329,0.0,0,1744747334044,134,0.0
1744747334,3232.085,3232.245,0.0,0,1744747334084,134,0.0
1744747334,3232.03,3232.19,0.0,0,1744747334110,134,0.0
1744747334,3231.989,3232.149,0.0,0,1744747334628,134,0.0
1744747335,3231.965,3232.125,0.0,0,1744747335101,134,0.0
1744747335,3232.029,3232.189,0.0,0,1744747335142,134,0.0
1744747335,3232.134,3232.294,0.0,0,1744747335142,134,0.0
1744747335,3232.173,3232.333,0.0,0,1744747335162,134,0.0
1744747335,3232.199,3232.359,0.0,0,1744747335162,134,0.0
1744747335,3232.305,3232.465,0.0,0,1744747335177,134,0.0
1744747335,3232.381,3232.541,0.0,0,1744747335181,134,0.0
1744747335,3232.406,3232.566,0.0,0,1744747335195,134,0.0
1744747335,3232.517,3232.677,0.0,0,1744747335223,134,0.0
1744747336,3232.434,3232.594,0.0,0,1744747336506,134,0.0
1744747336,3232.464,3232.624,0.0,0,1744747336834,134,0.0
1744747338,3232.56,3232.72,0.0,0,1744747338472,134,0.0
1744747338,3232.589,3232.749,0.0,0,1744747338856,134,0.0
1744747339,3232.617,3232.777,0.0,0,1744747339386,134,0.0
1744747339,3232.589,3232.749,0.0,0,1744747339619,134,0.0
1744747340,3232.509,3232.669,0.0,0,1744747340801,134,0.0
1744747341,3232.511,3232.671,0.0,0,1744747341760,134,0.0
1744747341,3232.46,3232.62,0.0,0,1744747341767,134,0.0
1744747341,3232.379,3232.539,0.0,0,1744747341886,134,0.0
1744747343,3232.389,3232.549,0.0,0,1744747343082,134,0.0
1744747344,3232.391,3232.551,0.0,0,1744747344393,134,0.0
1744747344,3232.435,3232.595,0.0,0,1744747344416,134,0.0
1744747344,3232.474,3232.634,0.0,0,1744747344487,134,0.0
1744747345,3232.499,3232.659,0.0,0,1744747345612,134,0.0
1744747345,3232.525,3232.685,0.0,0,1744747345632,134,0.0
1744747345,3232.55,3232.71,0.0,0,1744747345633,134,0.0
1744747345,3232.577,3232.737,0.0,0,1744747345653,134,0.0
1744747345,3232.63,3232.79,0.0,0,1744747345666,134,0.0
1744747345,3232.665,3232.825,0.0,0,1744747345671,134,0.0
1744747345,3232.773,3232.933,0.0,0,1744747345682,134,0.0
1744747345,3232.798,3232.958,0.0,0,1744747345753,134,0.0
1744747345,3232.824,3232.984,0.0,0,1744747345962,134,0.0
1744747345,3232.871,3233.031,0.0,0,1744747345978,134,0.0
1744747345,3232.944,3233.104,0.0,0,1744747345983,134,0.0
1744747345,3232.971,3233.131,0.0,0,1744747345983,134,0.0
1744747345,3233.008,3233.168,0.0,0,1744747345983,134,0.0
1744747345,3233.091,3233.251,0.0,0,1744747345988,134,0.0
1744747345,3233.141,3233.301,0.0,0,1744747345993,134,0.0
1744747345,3233.198,3233.358,0.0,0,1744747345998,134,0.0
1744747346,3233.225,3233.385,0.0,0,1744747346016,134,0.0
1744747346,3233.198,3233.358,0.0,0,1744747346018,134,0.0
1744747346,3233.172,3233.332,0.0,0,1744747346031,134,0.0
1744747346,3233.123,3233.283,0.0,0,1744747346036,134,0.0
1744747346,3233.077,3233.237,0.0,0,1744747346044,134,0.0
1744747346,3233.038,3233.198,0.0,0,1744747346157,134,0.0
1744747346,3232.932,3233.092,0.0,0,1744747346647,134,0.0
1744747347,3232.967,3233.127,0.0,0,1744747347739,134,0.0
1744747349,3233.011,3233.171,0.0,0,1744747349058,134,0.0
1744747350,3232.989,3233.149,0.0,0,1744747350072,134,0.0
1744747350,3232.941,3233.101,0.0,0,1744747350966,134,0.0
1744747351,3232.908,3233.068,0.0,0,1744747351006,134,0.0
1744747351,3232.88,3233.04,0.0,0,1744747351824,134,0.0
1744747351,3232.855,3233.015,0.0,0,1744747351955,134,0.0
1744747351,3232.813,3232.973,0.0,0,1744747351976,134,0.0
1744747351,3232.779,3232.939,0.0,0,1744747351996,134,0.0
1744747351,3232.749,3232.909,0.0,0,1744747351997,134,0.0
1744747352,3232.721,3232.881,0.0,0,1744747352014,134,0.0
1744747352,3232.693,3232.853,0.0,0,1744747352016,134,0.0
1744747352,3232.656,3232.816,0.0,0,1744747352018,134,0.0
1744747352,3232.63,3232.79,0.0,0,1744747352028,134,0.0
1744747352,3232.604,3232.764,0.0,0,1744747352055,134,0.0
1744747352,3232.578,3232.738,0.0,0,1744747352075,134,0.0
1744747352,3232.553,3232.713,0.0,0,1744747352879,134,0.0
1744747352,3232.523,3232.683,0.0,0,1744747352956,134,0.0
1744747353,3232.499,3232.659,0.0,0,1744747353044,134,0.0
1744747354,3232.496,3232.656,0.0,0,1744747354139,134,0.0
1744747355,3232.479,3232.639,0.0,0,1744747355198,134,0.0
1744747356,3232.507,3232.667,0.0,0,1744747356301,134,0.0
1744747356,3232.436,3232.596,0.0,0,1744747356418,134,0.0
1744747358,3232.437,3232.597,0.0,0,1744747358985,134,0.0
1744747361,3232.436,3232.596,0.0,0,1744747361865,134,0.0
1744747362,3232.399,3232.559,0.0,0,1744747362392,134,0.0
1744747362,3232.357,3232.517,0.0,0,1744747362403,134,0.0
1744747362,3232.322,3232.482,0.0,0,1744747362408,134,0.0
1744747362,3232.291,3232.451,0.0,0,1744747362410,134,0.0
1744747362,3232.258,3232.418,0.0,0,1744747362426,134,0.0
1744747362,3232.284,3232.444,0.0,0,1744747362525,134,0.0
1744747362,3232.313,3232.473,0.0,0,1744747362701,134,0.0
1744747362,3232.36,3232.52,0.0,0,1744747362732,134,0.0
1744747362,3232.4,3232.56,0.0,0,1744747362989,134,0.0
1744747363,3232.436,3232.596,0.0,0,1744747363099,134,0.0
1744747363,3232.467,3232.627,0.0,0,1744747363527,134,0.0
1744747363,3232.496,3232.656,0.0,0,1744747363531,134,0.0
1744747363,3232.525,3232.685,0.0,0,1744747363554,134,0.0
1744747363,3232.576,3232.736,0.0,0,1744747363554,134,0.0
1744747363,3232.602,3232.762,0.0,0,1744747363589,134,0.0
1744747363,3232.628,3232.788,0.0,0,1744747363791,134,0.0
1744747363,3232.663,3232.823,0.0,0,1744747363797,134,0.0
1744747363,3232.702,3232.862,0.0,0,1744747363800,134,0.0
1744747363,3232.726,3232.886,0.0,0,1744747363806,134,0.0
1744747363,3232.812,3232.972,0.0,0,1744747363835,134,0.0
1744747363,3232.857,3233.017,0.0,0,1744747363838,134,0.0
1744747363,3232.953,3233.113,0.0,0,1744747363879,134,0.0
1744747364,3232.929,3233.089,0.0,0,1744747364514,134,0.0
1744747365,3232.832,3232.992,0.0,0,1744747365256,134,0.0
1744747366,3232.829,3232.989,0.0,0,1744747366394,134,0.0
1744747367,3232.844,3233.004,0.0,0,1744747367485,134,0.0
1744747368,3232.847,3233.007,0.0,0,1744747368710,134,0.0
1744747368,3232.885,3233.045,0.0,0,1744747368731,134,0.0
1744747368,3232.92,3233.08,0.0,0,1744747368732,134,0.0
1744747368,3232.948,3233.108,0.0,0,1744747368749,134,0.0
1744747368,3232.978,3233.138,0.0,0,1744747368752,134,0.0
1744747368,3233.028,3233.188,0.0,0,1744747368761,134,0.0
1744747368,3233.1,3233.26,0.0,0,1744747368767,134,0.0
1744747368,3233.138,3233.298,0.0,0,1744747368772,134,0.0
1744747368,3233.162,3233.322,0.0,0,1744747368808,134,0.0
1744747368,3233.252,3233.412,0.0,0,1744747368909,134,0.0
1744747369,3233.155,3233.315,0.0,0,1744747369358,134,0.0
1744747369,3233.126,3233.286,0.0,0,1744747369358,134,0.0
1744747369,3233.082,3233.242,0.0,0,1744747369379,134,0.0
1744747370,3233.119,3233.279,0.0,0,1744747370595,134,0.0
1744747371,3233.027,3233.187,0.0,0,1744747371530,134,0.0
1744747371,3232.992,3233.152,0.0,0,1744747371588,134,0.0
1744747372,3232.959,3233.119,0.0,0,1744747372110,134,0.0
1744747372,3232.935,3233.095,0.0,0,1744747372745,134,0.0
1744747372,3232.906,3233.066,0.0,0,1744747372868,134,0.0
1744747372,3232.864,3233.024,0.0,0,1744747372874,134,0.0
1744747372,3232.832,3232.992,0.0,0,1744747372894,134,0.0
1744747372,3232.801,3232.961,0.0,0,1744747372921,134,0.0
1744747372,3232.777,3232.937,0.0,0,1744747372958,134,0.0
1744747373,3232.803,3232.963,0.0,0,1744747373097,134,0.0
1744747373,3232.838,3232.998,0.0,0,1744747373256,134,0.0
1744747373,3232.883,3233.043,0.0,0,1744747373980,134,0.0
1744747373,3232.919,3233.079,0.0,0,1744747373988,134,0.0
1744747374,3232.961,3233.121,0.0,0,1744747374017,134,0.0
1744747374,3232.992,3233.152,0.0,0,1744747374039,134,0.0
1744747375,3233.076,3233.236,0.0,0,1744747375578,134,0.0
1744747376,3233.034,3233.194,0.0,0,1744747376016,134,0.0
1744747376,3233.066,3233.226,0.0,0,1744747376018,134,0.0
1744747376,3233.095,3233.255,0.0,0,1744747376059,134,0.0
1744747376,3233.128,3233.288,0.0,0,1744747376071,134,0.0
1744747376,3233.174,3233.334,0.0,0,1744747376074,134,0.0
1744747376,3233.204,3233.364,0.0,0,1744747376078,134,0.0
1744747376,3233.23,3233.39,0.0,0,1744747376099,134,0.0
1744747376,3233.288,3233.448,0.0,0,1744747376111,134,0.0
1744747376,3233.312,3233.472,0.0,0,1744747376113,134,0.0
1744747376,3233.369,3233.529,0.0,0,1744747376158,134,0.0
1744747376,3233.432,3233.592,0.0,0,1744747376194,134,0.0
1744747376,3233.408,3233.568,0.0,0,1744747376258,134,0.0
1744747376,3233.325,3233.485,0.0,0,1744747376453,134,0.0
1744747377,3233.265,3233.425,0.0,0,1744747377073,134,0.0
1744747377,3233.22,3233.38,0.0,0,1744747377640,134,0.0
1744747377,3233.157,3233.317,0.0,0,1744747377672,134,0.0
1744747377,3233.093,3233.253,0.0,0,1744747377674,134,0.0
1744747377,3233.068,3233.228,0.0,0,1744747377686,134,0.0
1744747378,3233.092,3233.252,0.0,0,1744747378088,134,0.0
1744747378,3233.129,3233.289,0.0,0,1744747378091,134,0.0
1744747378,3233.168,3233.328,0.0,0,1744747378146,134,0.0
1744747378,3233.13,3233.29,0.0,0,1744747378456,134,0.0
1744747379,3233.208,3233.368,0.0,0,1744747379098,134,0.0
1744747379,3233.121,3233.281,0.0,0,1744747379808,134,0.0
1744747380,3233.145,3233.305,0.0,0,1744747380871,134,0.0
1744747381,3233.121,3233.281,0.0,0,1744747381797,134,0.0
1744747382,3233.073,3233.233,0.0,0,1744747382181,134,0.0
1744747382,3233.038,3233.198,0.0,0,1744747382197,134,0.0
1744747382,3233.013,3233.173,0.0,0,1744747382220,134,0.0
1744747382,3232.988,3233.148,0.0,0,1744747382392,134,0.0
1744747382,3232.952,3233.112,0.0,0,1744747382692,134,0.0
1744747382,3232.928,3233.088,0.0,0,1744747382696,134,0.0
1744747382,3232.887,3233.047,0.0,0,1744747382705,134,0.0
1744747382,3232.858,3233.018,0.0,0,1744747382724,134,0.0
1744747382,3232.834,3232.994,0.0,0,1744747382791,134,0.0
1744747383,3232.836,3232.996,0.0,0,1744747383835,134,0.0
1744747384,3232.785,3232.945,0.0,0,1744747384409,134,0.0
1744747384,3232.754,3232.914,0.0,0,1744747384423,134,0.0
1744747384,3232.729,3232.889,0.0,0,1744747384490,134,0.0
1744747385,3232.704,3232.864,0.0,0,1744747385285,134,0.0
1744747385,3232.664,3232.824,0.0,0,1744747385717,134,0.0
1744747385,3232.63,3232.79,0.0,0,1744747385739,134,0.0
1744747386,3232.605,3232.765,0.0,0,1744747386551,134,0.0
1744747388,3232.668,3232.828,0.0,0,1744747388083,134,0.0
1744747388,3232.572,3232.732,0.0,0,1744747388799,134,0.0
1744747388,3232.543,3232.703,0.0,0,1744747388814,134,0.0
1744747388,3232.517,3232.677,0.0,0,1744747388828,134,0.0
1744747388,3232.482,3232.642,0.0,0,1744747388834,134,0.0
1744747388,3232.456,3232.616,0.0,0,1744747388839,134,0.0
1744747390,3232.463,3232.623,0.0,0,1744747390081,134,0.0
1744747390,3232.507,3232.667,0.0,0,1744747390442,134,0.0
1744747390,3232.482,3232.642,0.0,0,1744747390468,134,0.0
1744747390,3232.455,3232.615,0.0,0,1744747390481,134,0.0
1744747391,3232.403,3232.563,0.0,0,1744747391088,134,0.0
1744747392,3232.423,3232.583,0.0,0,1744747392089,134,0.0
1744747392,3232.325,3232.485,0.0,0,1744747392627,134,0.0
1744747393,3232.331,3232.491,0.0,0,1744747393639,134,0.0
1744747394,3232.31,3232.47,0.0,0,1744747394566,134,0.0
1744747395,3232.357,3232.517,0.0,0,1744747395060,134,0.0
1744747396,3232.274,3232.434,0.0,0,1744747396080,134,0.0
1744747397,3232.343,3232.503,0.0,0,1744747397419,134,0.0
1744747397,3232.282,3232.442,0.0,0,1744747397867,134,0.0
1744747397,3232.216,3232.376,0.0,0,1744747397946,134,0.0
1744747399,3232.229,3232.389,0.0,0,1744747399037,134,0.0
1744747400,3232.16,3232.32,0.0,0,1744747400043,134,0.0
1744747401,3232.159,3232.319,0.0,0,1744747401679,134,0.0
1744747402,3232.139,3232.299,0.0,0,1744747402490,134,0.0
1744747403,3232.167,3232.327,0.0,0,1744747403362,134,0.0
1744747403,3232.227,3232.387,0.0,0,1744747403371,134,0.0
1744747403,3232.28,3232.44,0.0,0,1744747403382,134,0.0
1744747403,3232.306,3232.466,0.0,0,1744747403401,134,0.0
1744747403,3232.342,3232.502,0.0,0,1744747403408,134,0.0
1744747404,3232.367,3232.527,0.0,0,1744747404406,134,0.0
1744747405,3232.46,3232.62,0.0,0,1744747405437,134,0.0
1744747406,3232.458,3232.618,0.0,0,1744747406996,134,0.0
1744747407,3232.482,3232.642,0.0,0,1744747407575,134,0.0
1744747408,3232.424,3232.584,0.0,0,1744747408579,134,0.0
1744747408,3232.45,3232.61,0.0,0,1744747408787,134,0.0
1744747408,3232.477,3232.637,0.0,0,1744747408811,134,0.0
1744747409,3232.452,3232.612,0.0,0,1744747409036,134,0.0
1744747409,3232.409,3232.569,0.0,0,1744747409159,134,0.0
1744747411,3232.378,3232.538,0.0,0,1744747411284,134,0.0
1744747411,3232.425,3232.585,0.0,0,1744747411343,134,0.0
1744747411,3232.459,3232.619,0.0,0,1744747411565,134,0.0
1744747412,3232.464,3232.624,0.0,0,1744747412690,134,0.0
1744747413,3232.463,3232.623,0.0,0,1744747413691,134,0.0
1744747414,3232.415,3232.575,0.0,0,1744747414595,134,0.0
1744747414,3232.385,3232.545,0.0,0,1744747414623,134,0.0
1744747415,3232.463,3232.623,0.0,0,1744747415520,134,0.0
1744747415,3232.498,3232.658,0.0,0,1744747415522,134,0.0
1744747415,3232.546,3232.706,0.0,0,1744747415540,134,0.0
1744747415,3232.621,3232.781,0.0,0,1744747415550,134,0.0
1744747415,3232.659,3232.819,0.0,0,1744747415551,134,0.0
1744747415,3232.729,3232.889,0.0,0,1744747415556,134,0.0
1744747415,3232.772,3232.932,0.0,0,1744747415560,134,0.0
1744747415,3232.797,3232.957,0.0,0,1744747415581,134,0.0
1744747415,3232.844,3233.004,0.0,0,1744747415697,134,0.0
1744747415,3232.815,3232.975,0.0,0,1744747415705,134,0.0
1744747415,3232.755,3232.915,0.0,0,1744747415729,134,0.0
1744747416,3232.659,3232.819,0.0,0,1744747416628,134,0.0
1744747417,3232.647,3232.807,0.0,0,1744747417805,134,0.0
1744747421,3232.644,3232.804,0.0,0,1744747421040,134,0.0
1744747421,3232.603,3232.763,0.0,0,1744747421687,134,0.0
1744747421,3232.567,3232.727,0.0,0,1744747421693,134,0.0
1744747421,3232.543,3232.703,0.0,0,1744747421743,134,0.0
1744747423,3232.535,3232.695,0.0,0,1744747423039,134,0.0
1744747423,3232.573,3232.733,0.0,0,1744747423543,134,0.0
1744747423,3232.62,3232.78,0.0,0,1744747423677,134,0.0
1744747423,3232.674,3232.834,0.0,0,1744747423698,134,0.0
1744747423,3232.716,3232.876,0.0,0,1744747423726,134,0.0
1744747423,3232.742,3232.902,0.0,0,1744747423987,134,0.0
1744747425,3232.747,3232.907,0.0,0,1744747425379,134,0.0
1744747426,3232.758,3232.918,0.0,0,1744747426483,134,0.0
1744747428,3232.752,3232.912,0.0,0,1744747428296,134,0.0
1744747428,3232.588,3232.748,0.0,0,1744747428960,134,0.0
1744747428,3232.536,3232.696,0.0,0,1744747428963,134,0.0
1744747428,3232.505,3232.665,0.0,0,1744747428965,134,0.0
1744747428,3232.478,3232.638,0.0,0,1744747428980,134,0.0
1744747428,3232.446,3232.606,0.0,0,1744747428999,134,0.0
1744747429,3232.401,3232.561,0.0,0,1744747429011,134,0.0
1744747429,3232.369,3232.529,0.0,0,1744747429014,134,0.0
1744747429,3232.338,3232.498,0.0,0,1744747429020,134,0.0
1744747429,3232.313,3232.473,0.0,0,1744747429059,134,0.0
1744747429,3232.288,3232.448,0.0,0,1744747429230,134,0.0
1744747429,3232.258,3232.418,0.0,0,1744747429842,134,0.0
1744747429,3232.23,3232.39,0.0,0,1744747429858,134,0.0
1744747429,3232.205,3232.365,0.0,0,1744747429881,134,0.0
1744747429,3232.235,3232.395,0.0,0,1744747429894,134,0.0
1744747430,3232.239,3232.399,0.0,0,1744747430985,134,0.0
1744747431,3232.293,3232.453,0.0,0,1744747431045,134,0.0
1744747431,3232.335,3232.495,0.0,0,1744747431873,134,0.0
1744747432,3232.453,3232.613,0.0,0,1744747432263,134,0.0
1744747432,3232.49,3232.65,0.0,0,1744747432271,134,0.0
1744747432,3232.515,3232.675,0.0,0,1744747432308,134,0.0
1744747433,3232.465,3232.625,0.0,0,1744747433572,134,0.0
1744747434,3232.462,3232.622,0.0,0,1744747434622,134,0.0
1744747434,3232.486,3232.646,0.0,0,1744747434658,134,0.0
1744747434,3232.516,3232.676,0.0,0,1744747434681,134,0.0
1744747435,3232.541,3232.701,0.0,0,1744747435126,134,0.0
1744747435,3232.515,3232.675,0.0,0,1744747435485,134,0.0
1744747437,3232.503,3232.663,0.0,0,1744747437089,134,0.0
1744747437,3232.461,3232.621,0.0,0,1744747437745,134,0.0
1744747437,3232.423,3232.583,0.0,0,1744747437789,134,0.0
1744747437,3232.382,3232.542,0.0,0,1744747437825,134,0.0
1744747439,3232.363,3232.523,0.0,0,1744747439080,134,0.0
1744747440,3232.359,3232.519,0.0,0,1744747440681,134,0.0
1744747440,3232.325,3232.485,0.0,0,1744747440937,134,0.0
1744747440,3232.301,3232.461,0.0,0,1744747440999,134,0.0
1744747444,3232.298,3232.458,0.0,0,1744747444089,134,0.0
1744747444,3232.344,3232.504,0.0,0,1744747444110,134,0.0
1744747444,3232.39,3232.55,0.0,0,1744747444117,134,0.0
1744747444,3232.429,3232.589,0.0,0,1744747444136,134,0.0
1744747444,3232.497,3232.657,0.0,0,1744747444156,134,0.0
1744747444,3232.536,3232.696,0.0,0,1744747444156,134,0.0
1744747444,3232.574,3232.734,0.0,0,1744747444164,134,0.0
1744747444,3232.612,3232.772,0.0,0,1744747444168,134,0.0
1744747444,3232.655,3232.815,0.0,0,1744747444229,134,0.0
1744747445,3232.665,3232.825,0.0,0,1744747445356,134,0.0
1744747445,3232.695,3232.855,0.0,0,1744747445616,134,0.0
1744747445,3232.729,3232.889,0.0,0,1744747445639,134,0.0
1744747446,3232.755,3232.915,0.0,0,1744747446259,134,0.0
1744747447,3232.74,3232.9,0.0,0,1744747447302,134,0.0
1744747447,3232.769,3232.929,0.0,0,1744747447343,134,0.0
1744747447,3232.808,3232.968,0.0,0,1744747447352,134,0.0
1744747447,3232.837,3232.997,0.0,0,1744747447516,134,0.0
1744747448,3232.864,3233.024,0.0,0,1744747448055,134,0.0
1744747449,3232.859,3233.019,0.0,0,1744747449071,134,0.0
1744747449,3232.916,3233.076,0.0,0,1744747449147,134,0.0
1744747449,3232.958,3233.118,0.0,0,1744747449150,134,0.0
1744747449,3233.034,3233.194,0.0,0,1744747449347,134,0.0
1744747450,3232.974,3233.134,0.0,0,1744747450554,134,0.0
1744747450,3232.945,3233.105,0.0,0,1744747450611,134,0.0
1744747450,3232.901,3233.061,0.0,0,1744747450637,134,0.0
1744747450,3232.854,3233.014,0.0,0,1744747450676,134,0.0
1744747450,3232.815,3232.975,0.0,0,1744747450696,134,0.0
1744747451,3232.784,3232.944,0.0,0,1744747451011,134,0.0
1744747451,3232.759,3232.919,0.0,0,1744747451142,134,0.0
1744747451,3232.735,3232.895,0.0,0,1744747451411,134,0.0
1744747452,3232.768,3232.928,0.0,0,1744747452469,134,0.0
1744747453,3232.775,3232.935,0.0,0,1744747453911,134,0.0
1744747455,3232.78,3232.94,0.0,0,1744747455513,134,0.0
1744747457,3232.782,3232.942,0.0,0,1744747457835,134,0.0
1744747459,3232.821,3232.981,0.0,0,1744747459935,134,0.0
1744747461,3232.831,3232.991,0.0,0,1744747461315,134,0.0
1744747461,3232.788,3232.948,0.0,0,1744747461479,134,0.0
1744747461,3232.753,3232.913,0.0,0,1744747461495,134,0.0
1744747462,3232.735,3232.895,0.0,0,1744747462886,134,0.0
1744747462,3232.78,3232.94,0.0,0,1744747462921,134,0.0
1744747462,3232.821,3232.981,0.0,0,1744747462973,134,0.0
1744747463,3232.782,3232.942,0.0,0,1744747463149,134,0.0
1744747463,3232.746,3232.906,0.0,0,1744747463224,134,0.0
1744747464,3232.766,3232.926,0.0,0,1744747464851,134,0.0
1744747466,3232.77,3232.93,0.0,0,1744747466317,134,0.0
1744747467,3232.773,3232.933,0.0,0,1744747467753,134,0.0
1744747469,3232.784,3232.944,0.0,0,1744747469284,134,0.0
1744747469,3232.822,3232.982,0.0,0,1744747469305,134,0.0
1744747469,3232.859,3233.019,0.0,0,1744747469364,134,0.0
1744747471,3232.851,3233.011,0.0,0,1744747471467,134,0.0
1744747473,3232.845,3233.005,0.0,0,1744747473380,134,0.0
1744747474,3232.835,3232.995,0.0,0,1744747474780,134,0.0
1744747475,3232.796,3232.956,0.0,0,1744747475546,134,0.0
1744747476,3232.773,3232.933,0.0,0,1744747476550,134,0.0
1744747477,3232.736,3232.896,0.0,0,1744747477503,134,0.0
1744747477,3232.702,3232.862,0.0,0,1744747477571,134,0.0
1744747478,3232.689,3232.849,0.0,0,1744747478888,134,0.0
1744747479,3232.729,3232.889,0.0,0,1744747479024,134,0.0
1744747479,3232.769,3232.929,0.0,0,1744747479047,134,0.0
1744747479,3232.812,3232.972,0.0,0,1744747479064,134,0.0
1744747480,3232.811,3232.971,0.0,0,1744747480126,134,0.0
1744747481,3232.796,3232.956,0.0,0,1744747481213,134,0.0
1744747482,3232.754,3232.914,0.0,0,1744747482128,134,0.0
1744747483,3232.731,3232.891,0.0,0,1744747483147,134,0.0
1744747483,3232.697,3232.857,0.0,0,1744747483540,134,0.0
1744747484,3232.705,3232.865,0.0,0,1744747484884,134,0.0
1744747486,3232.691,3232.851,0.0,0,1744747486078,134,0.0
1744747487,3232.729,3232.889,0.0,0,1744747487578,134,0.0
1744747488,3232.701,3232.861,0.0,0,1744747488943,134,0.0
1744747489,3232.664,3232.824,0.0,0,1744747489035,134,0.0
1744747489,3232.611,3232.771,0.0,0,1744747489978,134,0.0
1744747489,3232.582,3232.742,0.0,0,1744747489984,134,0.0
1744747490,3232.548,3232.708,0.0,0,1744747490001,134,0.0
1744747490,3232.519,3232.679,0.0,0,1744747490002,134,0.0
1744747490,3232.485,3232.645,0.0,0,1744747490007,134,0.0
1744747490,3232.456,3232.616,0.0,0,1744747490010,134,0.0
1744747490,3232.429,3232.589,0.0,0,1744747490035,134,0.0
1744747490,3232.462,3232.622,0.0,0,1744747490056,134,0.0
1744747490,3232.504,3232.664,0.0,0,1744747490059,134,0.0
1744747490,3232.549,3232.709,0.0,0,1744747490096,134,0.0
1744747491,3232.577,3232.737,0.0,0,1744747491228,134,0.0
1744747492,3232.581,3232.741,0.0,0,1744747492650,134,0.0
1744747494,3232.571,3232.731,0.0,0,1744747494484,134,0.0
1744747494,3232.607,3232.767,0.0,0,1744747494853,134,0.0
1744747495,3232.564,3232.724,0.0,0,1744747495120,134,0.0
1744747495,3232.527,3232.687,0.0,0,1744747495436,134,0.0
1744747496,3232.568,3232.728,0.0,0,1744747496204,134,0.0
1744747498,3232.638,3232.798,0.0,0,1744747498745,134,0.0
1744747501,3232.629,3232.789,0.0,0,1744747501050,134,0.0
1744747502,3232.544,3232.704,0.0,0,1744747502053,134,0.0
1744747502,3232.514,3232.674,0.0,0,1744747502085,134,0.0
1744747502,3232.575,3232.735,0.0,0,1744747502096,134,0.0
1744747502,3232.635,3232.795,0.0,0,1744747502108,134,0.0
1744747502,3232.684,3232.844,0.0,0,1744747502114,134,0.0
1744747502,3232.719,3232.879,0.0,0,1744747502115,134,0.0
1744747502,3232.777,3232.937,0.0,0,1744747502143,134,0.0
1744747502,3232.77,3232.93,0.0,0,1744747502776,134,0.0
1744747502,3232.798,3232.958,0.0,0,1744747502808,134,0.0
1744747502,3232.823,3232.983,0.0,0,1744747502914,134,0.0
1744747503,3232.903,3233.063,0.0,0,1744747503985,134,0.0
1744747506,3232.863,3233.023,0.0,0,1744747506008,134,0.0
1744747507,3232.834,3232.994,0.0,0,1744747507159,134,0.0
1744747507,3232.865,3233.025,0.0,0,1744747507368,134,0.0
1744747509,3232.953,3233.113,0.0,0,1744747509200,134,0.0
1744747509,3232.917,3233.077,0.0,0,1744747509400,134,0.0
1744747509,3232.856,3233.016,0.0,0,1744747509460,134,0.0
1744747509,3232.82,3232.98,0.0,0,1744747509512,134,0.0
1744747510,3232.726,3232.886,0.0,0,1744747510423,134,0.0
1744747510,3232.696,3232.856,0.0,0,1744747510584,134,0.0
1744747511,3232.671,3232.831,0.0,0,1744747511502,134,0.0
1744747511,3232.64,3232.8,0.0,0,1744747511525,134,0.0
1744747512,3232.62,3232.78,0.0,0,1744747512563,134,0.0
1744747515,3232.612,3232.772,0.0,0,1744747515560,134,0.0
1744747516,3232.607,3232.767,0.0,0,1744747516732,134,0.0
1744747518,3232.611,3232.771,0.0,0,1744747518112,134,0.0
1744747518,3232.584,3232.744,0.0,0,1744747518955,134,0.0
1744747520,3232.581,3232.741,0.0,0,1744747520580,134,0.0
1744747521,3232.555,3232.715,0.0,0,1744747521494,134,0.0
1744747522,3232.538,3232.698,0.0,0,1744747522736,134,0.0
1744747524,3232.534,3232.694,0.0,0,1744747524577,134,0.0
1744747524,3232.51,3232.67,0.0,0,1744747524690,134,0.0
1744747526,3232.538,3232.698,0.0,0,1744747526416,134,0.0
1744747526,3232.576,3232.736,0.0,0,1744747526487,134,0.0
1744747526,3232.551,3232.711,0.0,0,1744747526525,134,0.0
1744747526,3232.603,3232.763,0.0,0,1744747526570,134,0.0
1744747526,3232.643,3232.803,0.0,0,1744747526598,134,0.0
1744747527,3232.594,3232.754,0.0,0,1744747527778,134,0.0
1744747530,3232.595,3232.755,0.0,0,1744747530820,134,0.0
1744747530,3232.646,3232.806,0.0,0,1744747530835,134,0.0
1744747530,3232.676,3232.836,0.0,0,1744747530841,134,0.0
1744747530,3232.703,3232.863,0.0,0,1744747530855,134,0.0
1744747530,3232.728,3232.888,0.0,0,1744747530955,134,0.0
1744747531,3232.756,3232.916,0.0,0,1744747531655,134,0.0
1744747531,3232.785,3232.945,0.0,0,1744747531663,134,0.0
1744747531,3232.827,3232.987,0.0,0,1744747531665,134,0.0
1744747531,3232.852,3233.012,0.0,0,1744747531667,134,0.0
1744747531,3232.882,3233.042,0.0,0,1744747531674,134,0.0
1744747531,3232.963,3233.123,0.0,0,1744747531690,134,0.0
1744747531,3233.059,3233.219,0.0,0,1744747531696,134,0.0
1744747531,3233.086,3233.246,0.0,0,1744747531697,134,0.0
1744747531,3233.126,3233.286,0.0,0,1744747531715,134,0.0
1744747531,3233.174,3233.334,0.0,0,1744747531833,134,0.0
1744747531,3233.149,3233.309,0.0,0,1744747531982,134,0.0
1744747533,3233.079,3233.239,0.0,0,1744747533315,134,0.0
1744747534,3233.084,3233.244,0.0,0,1744747534447,134,0.0
1744747535,3233.078,3233.238,0.0,0,1744747535458,134,0.0
1744747536,3233.07,3233.23,0.0,0,1744747536737,134,0.0
1744747538,3233.069,3233.229,0.0,0,1744747538503,134,0.0
1744747538,3233.104,3233.264,0.0,0,1744747538588,134,0.0
1744747538,3233.062,3233.222,0.0,0,1744747538910,134,0.0
1744747540,3233.043,3233.203,0.0,0,1744747540089,134,0.0
1744747541,3233.069,3233.229,0.0,0,1744747541657,134,0.0
1744747541,3233.11,3233.27,0.0,0,1744747541917,134,0.0
1744747542,3233.141,3233.301,0.0,0,1744747542055,134,0.0
1744747542,3233.166,3233.326,0.0,0,1744747542373,134,0.0
1744747542,3233.203,3233.363,0.0,0,1744747542394,134,0.0
1744747542,3233.242,3233.402,0.0,0,1744747542408,134,0.0
1744747542,3233.269,3233.429,0.0,0,1744747542411,134,0.0
1744747542,3233.293,3233.453,0.0,0,1744747542414,134,0.0
1744747542,3233.391,3233.551,0.0,0,1744747542482,134,0.0
1744747542,3233.419,3233.579,0.0,0,1744747542985,134,0.0
1744747543,3233.443,3233.603,0.0,0,1744747543000,134,0.0
1744747543,3233.478,3233.638,0.0,0,1744747543033,134,0.0
1744747543,3233.452,3233.612,0.0,0,1744747543142,134,0.0
1744747546,3233.416,3233.576,0.0,0,1744747546968,134,0.0
1744747547,3233.457,3233.617,0.0,0,1744747547190,134,0.0
1744747548,3233.474,3233.634,0.0,0,1744747548218,134,0.0
1744747548,3233.525,3233.685,0.0,0,1744747548238,134,0.0
1744747548,3233.565,3233.725,0.0,0,1744747548239,134,0.0
1744747548,3233.598,3233.758,0.0,0,1744747548257,134,0.0
1744747548,3233.623,3233.783,0.0,0,1744747548461,134,0.0
1744747548,3233.65,3233.81,0.0,0,1744747548486,134,0.0
1744747548,3233.674,3233.834,0.0,0,1744747548573,134,0.0
1744747548,3233.628,3233.788,0.0,0,1744747548637,134,0.0
1744747548,3233.578,3233.738,0.0,0,1744747548645,134,0.0
1744747548,3233.526,3233.686,0.0,0,1744747548655,134,0.0
1744747548,3233.476,3233.636,0.0,0,1744747548656,134,0.0
1744747548,3233.403,3233.563,0.0,0,1744747548662,134,0.0
1744747548,3233.355,3233.515,0.0,0,1744747548663,134,0.0
1744747548,3233.325,3233.485,0.0,0,1744747548669,134,0.0
1744747548,3233.298,3233.458,0.0,0,1744747548675,134,0.0
1744747548,3233.259,3233.419,0.0,0,1744747548675,134,0.0
1744747548,3233.222,3233.382,0.0,0,1744747548692,134,0.0
1744747548,3233.141,3233.301,0.0,0,1744747548714,134,0.0
1744747548,3233.109,3233.269,0.0,0,1744747548754,134,0.0
1744747549,3233.18,3233.34,0.0,0,1744747549939,134,0.0
1744747550,3233.211,3233.371,0.0,0,1744747550547,134,0.0
1744747551,3233.238,3233.398,0.0,0,1744747551575,134,0.0
1744747552,3233.274,3233.434,0.0,0,1744747552736,134,0.0
1744747553,3233.289,3233.449,0.0,0,1744747553794,134,0.0
1744747555,3233.236,3233.396,0.0,0,1744747555213,134,0.0
1744747556,3233.193,3233.353,0.0,0,1744747556392,134,0.0
1744747557,3233.198,3233.358,0.0,0,1744747557528,134,0.0
1744747558,3233.206,3233.366,0.0,0,1744747558679,134,0.0
1744747559,3233.169,3233.329,0.0,0,1744747559086,134,0.0
1744747560,3233.169,3233.329,0.0,0,1744747560098,130,0.0
1744747561,3233.156,3233.316,0.0,0,1744747561355,134,0.0
1744747564,3233.144,3233.304,0.0,0,1744747564820,134,0.0
1744747566,3233.143,3233.303,0.0,0,1744747566512,134,0.0
1744747567,3233.129,3233.289,0.0,0,1744747567834,134,0.0
1744747568,3233.075,3233.235,0.0,0,1744747568417,134,0.0
1744747568,3233.034,3233.194,0.0,0,1744747568418,134,0.0
1744747568,3233.007,3233.167,0.0,0,1744747568420,134,0.0
1744747568,3232.978,3233.138,0.0,0,1744747568458,134,0.0
1744747568,3232.938,3233.098,0.0,0,1744747568498,134,0.0
1744747568,3232.913,3233.073,0.0,0,1744747568523,134,0.0
1744747568,3232.889,3233.049,0.0,0,1744747568559,134,0.0
1744747569,3232.937,3233.097,0.0,0,1744747569575,134,0.0
1744747569,3232.917,3233.077,0.0,0,1744747569680,134,0.0
1744747570,3232.894,3233.054,0.0,0,1744747570794,134,0.0
1744747571,3232.864,3233.024,0.0,0,1744747571776,134,0.0
1744747572,3232.839,3232.999,0.0,0,1744747572078,134,0.0
1744747573,3232.836,3232.996,0.0,0,1744747573086,134,0.0
1744747574,3232.826,3232.986,0.0,0,1744747574411,134,0.0
1744747574,3232.796,3232.956,0.0,0,1744747574969,134,0.0
1744747574,3232.771,3232.931,0.0,0,1744747574991,134,0.0
1744747577,3232.763,3232.923,0.0,0,1744747577316,134,0.0
1744747578,3232.762,3232.922,0.0,0,1744747578708,134,0.0
1744747578,3232.807,3232.967,0.0,0,1744747578771,134,0.0
1744747578,3232.846,3233.006,0.0,0,1744747578779,134,0.0
1744747578,3232.885,3233.045,0.0,0,1744747578812,134,0.0
1744747578,3232.925,3233.085,0.0,0,1744747578856,134,0.0
1744747578,3232.957,3233.117,0.0,0,1744747578870,134,0.0
1744747578,3232.982,3233.142,0.0,0,1744747578874,134,0.0
1744747578,3233.045,3233.205,0.0,0,1744747578919,134,0.0
1744747579,3233.0,3233.16,0.0,0,1744747579210,134,0.0
1744747579,3232.948,3233.108,0.0,0,1744747579216,134,0.0
1744747579,3232.913,3233.073,0.0,0,1744747579229,134,0.0
1744747579,3232.883,3233.043,0.0,0,1744747579312,134,0.0
1744747579,3232.854,3233.014,0.0,0,1744747579332,134,0.0
1744747579,3232.827,3232.987,0.0,0,1744747579341,134,0.0
1744747579,3232.801,3232.961,0.0,0,1744747579376,134,0.0
1744747579,3232.772,3232.932,0.0,0,1744747579414,134,0.0
1744747579,3232.746,3232.906,0.0,0,1744747579490,134,0.0
1744747580,3232.649,3232.809,0.0,0,1744747580344,134,0.0
1744747580,3232.675,3232.835,0.0,0,1744747580480,134,0.0
1744747580,3232.714,3232.874,0.0,0,1744747580482,134,0.0
1744747580,3232.754,3232.914,0.0,0,1744747580497,134,0.0
1744747581,3232.782,3232.942,0.0,0,1744747581554,134,0.0
1744747581,3232.812,3232.972,0.0,0,1744747581598,134,0.0
1744747581,3232.867,3233.027,0.0,0,1744747581614,134,0.0
1744747582,3232.879,3233.039,0.0,0,1744747582752,134,0.0
1744747582,3232.835,3232.995,0.0,0,1744747582805,134,0.0
1744747585,3232.74,3232.9,0.0,0,1744747585104,134,0.0
1744747586,3232.719,3232.879,0.0,0,1744747586119,134,0.0
1744747586,3232.683,3232.843,0.0,0,1744747586508,134,0.0
1744747586,3232.653,3232.813,0.0,0,1744747586530,134,0.0
1744747586,3232.623,3232.783,0.0,0,1744747586823,134,0.0
1744747587,3232.596,3232.756,0.0,0,1744747587175,134,0.0
1744747588,3232.583,3232.743,0.0,0,1744747588223,134,0.0
1744747589,3232.575,3232.735,0.0,0,1744747589305,134,0.0
1744747591,3232.588,3232.748,0.0,0,1744747591653,134,0.0
1744747592,3232.55,3232.71,0.0,0,1744747592146,134,0.0
1744747594,3232.526,3232.686,0.0,0,1744747594079,134,0.0
1744747595,3232.525,3232.685,0.0,0,1744747595939,134,0.0
1744747595,3232.568,3232.728,0.0,0,1744747595987,134,0.0
1744747596,3232.606,3232.766,0.0,0,1744747596000,134,0.0
1744747596,3232.645,3232.805,0.0,0,1744747596948,134,0.0
1744747596,3232.683,3232.843,0.0,0,1744747596962,134,0.0
1744747596,3232.72,3232.88,0.0,0,1744747596989,134,0.0
1744747597,3232.766,3232.926,0.0,0,1744747597484,134,0.0
1744747598,3232.824,3232.984,0.0,0,1744747598827,134,0.0
1744747599,3232.737,3232.897,0.0,0,1744747599980,134,0.0
1744747601,3232.758,3232.918,0.0,0,1744747601080,134,0.0
1744747602,3232.734,3232.894,0.0,0,1744747602600,134,0.0
1744747602,3232.694,3232.854,0.0,0,1744747602612,134,0.0
1744747602,3232.652,3232.812,0.0,0,1744747602617,134,0.0
1744747602,3232.613,3232.773,0.0,0,1744747602637,134,0.0
1744747603,3232.586,3232.746,0.0,0,1744747603085,134,0.0
1744747604,3232.581,3232.741,0.0,0,1744747604099,134,0.0
1744747606,3232.584,3232.744,0.0,0,1744747606278,134,0.0
1744747607,3232.585,3232.745,0.0,0,1744747607343,134,0.0
1744747608,3232.659,3232.819,0.0,0,1744747608614,134,0.0
1744747609,3232.703,3232.863,0.0,0,1744747609396,134,0.0
1744747609,3232.744,3232.904,0.0,0,1744747609401,134,0.0
1744747611,3232.721,3232.881,0.0,0,1744747611500,134,0.0
1744747613,3232.674,3232.834,0.0,0,1744747613024,134,0.0
1744747614,3232.68,3232.84,0.0,0,1744747614044,134,0.0
1744747615,3232.675,3232.835,0.0,0,1744747615378,134,0.0
1744747617,3232.678,3232.838,0.0,0,1744747617157,134,0.0
1744747617,3232.621,3232.781,0.0,0,1744747617178,134,0.0
1744747617,3232.568,3232.728,0.0,0,1744747617192,134,0.0
1744747617,3232.538,3232.698,0.0,0,1744747617269,134,0.0
1744747619,3232.537,3232.697,0.0,0,1744747619380,134,0.0
1744747620,3232.534,3232.694,0.0,0,1744747620988,134,0.0
1744747622,3232.539,3232.699,0.0,0,1744747622520,134,0.0
1744747625,3232.547,3232.707,0.0,0,1744747625114,134,0.0
1744747625,3232.518,3232.678,0.0,0,1744747625205,134,0.0
1744747626,3232.53,3232.69,0.0,0,1744747626239,134,0.0
1744747628,3232.557,3232.717,0.0,0,1744747628150,134,0.0
1744747629,3232.504,3232.664,0.0,0,1744747629596,134,0.0
1744747633,3232.524,3232.684,0.0,0,1744747633250,134,0.0
1744747634,3232.559,3232.719,0.0,0,1744747634382,134,0.0
1744747635,3232.609,3232.769,0.0,0,1744747635255,134,0.0
1744747635,3232.644,3232.804,0.0,0,1744747635256,134,0.0
1744747635,3232.681,3232.841,0.0,0,1744747635265,134,0.0
1744747635,3232.708,3232.868,0.0,0,1744747635267,134,0.0
1744747635,3232.733,3232.893,0.0,0,1744747635274,134,0.0
1744747636,3232.769,3232.929,0.0,0,1744747636004,134,0.0
1744747639,3232.768,3232.928,0.0,0,1744747639076,134,0.0
1744747640,3232.769,3232.929,0.0,0,1744747640095,134,0.0
1744747641,3232.778,3232.938,0.0,0,1744747641343,134,0.0
1744747645,3232.764,3232.924,0.0,0,1744747645741,134,0.0
1744747647,3232.752,3232.912,0.0,0,1744747647485,134,0.0
1744747649,3232.749,3232.909,0.0,0,1744747649096,134,0.0
1744747650,3232.746,3232.906,0.0,0,1744747650830,134,0.0
1744747651,3232.707,3232.867,0.0,0,1744747651229,134,0.0
1744747651,3232.573,3232.733,0.0,0,1744747651241,134,0.0
1744747651,3232.541,3232.701,0.0,0,1744747651242,134,0.0
1744747651,3232.515,3232.675,0.0,0,1744747651257,134,0.0
1744747651,3232.418,3232.578,0.0,0,1744747651276,134,0.0
1744747651,3232.383,3232.543,0.0,0,1744747651281,134,0.0
1744747651,3232.32,3232.48,0.0,0,1744747651284,134,0.0
1744747651,3232.295,3232.455,0.0,0,1744747651285,134,0.0
1744747651,3232.271,3232.431,0.0,0,1744747651298,134,0.0
1744747651,3232.241,3232.401,0.0,0,1744747651329,134,0.0
1744747651,3232.209,3232.369,0.0,0,1744747651350,134,0.0
1744747651,3232.18,3232.34,0.0,0,1744747651374,134,0.0
1744747651,3232.155,3232.315,0.0,0,1744747651417,134,0.0
1744747652,3232.253,3232.413,0.0,0,1744747652282,134,0.0
1744747653,3232.268,3232.427,0.0,0,1744747653628,134,0.0
1744747653,3232.306,3232.466,0.0,0,1744747653653,134,0.0
1744747653,3232.376,3232.536,0.0,0,1744747653675,134,0.0
1744747653,3232.41,3232.57,0.0,0,1744747653889,134,0.0
1744747655,3232.341,3232.501,0.0,0,1744747655581,134,0.0
1744747658,3232.314,3232.474,0.0,0,1744747658096,134,0.0
1744747658,3232.272,3232.432,0.0,0,1744747658745,134,0.0
1744747658,3232.234,3232.394,0.0,0,1744747658768,134,0.0
1744747658,3232.279,3232.439,0.0,0,1744747658817,134,0.0
1744747662,3232.303,3232.463,0.0,0,1744747662275,134,0.0
1744747664,3232.337,3232.497,0.0,0,1744747664030,134,0.0
1744747664,3232.26,3232.42,0.0,0,1744747664109,134,0.0
1744747664,3232.203,3232.363,0.0,0,1744747664136,134,0.0
1744747664,3232.171,3232.331,0.0,0,1744747664144,134,0.0
1744747664,3232.144,3232.304,0.0,0,1744747664147,134,0.0
1744747664,3232.118,3232.278,0.0,0,1744747664253,134,0.0
1744747664,3232.089,3232.249,0.0,0,1744747664284,134,0.0
1744747664,3232.151,3232.311,0.0,0,1744747664307,134,0.0
1744747664,3232.194,3232.354,0.0,0,1744747664321,134,0.0
1744747664,3232.232,3232.392,0.0,0,1744747664395,134,0.0
1744747666,3232.212,3232.372,0.0,0,1744747666079,134,0.0
1744747667,3232.196,3232.356,0.0,0,1744747667156,134,0.0
1744747668,3232.171,3232.331,0.0,0,1744747668160,134,0.0
1744747669,3232.173,3232.333,0.0,0,1744747669175,134,0.0
1744747669,3232.137,3232.297,0.0,0,1744747669993,134,0.0
1744747670,3232.155,3232.315,0.0,0,1744747670997,134,0.0
1744747672,3232.161,3232.321,0.0,0,1744747672124,134,0.0
1744747674,3232.166,3232.326,0.0,0,1744747674484,134,0.0
1744747676,3232.244,3232.404,0.0,0,1744747676209,134,0.0
1744747677,3232.211,3232.371,0.0,0,1744747677717,134,0.0
1744747677,3232.247,3232.407,0.0,0,1744747677944,134,0.0
1744747681,3232.251,3232.411,0.0,0,1744747681067,134,0.0
1744747681,3232.218,3232.378,0.0,0,1744747681975,134,0.0
1744747682,3232.197,3232.357,0.0,0,1744747682985,134,0.0
1744747684,3232.189,3232.349,0.0,0,1744747684994,134,0.0
1744747685,3232.226,3232.386,0.0,0,1744747685017,134,0.0
1744747685,3232.264,3232.424,0.0,0,1744747685031,134,0.0
1744747685,3232.306,3232.466,0.0,0,1744747685087,134,0.0
1744747685,3232.333,3232.493,0.0,0,1744747685098,134,0.0
1744747685,3232.361,3232.521,0.0,0,1744747685101,134,0.0
1744747685,3232.387,3232.547,0.0,0,1744747685106,134,0.0
1744747685,3232.424,3232.584,0.0,0,1744747685121,134,0.0
1744747685,3232.462,3232.622,0.0,0,1744747685135,134,0.0
1744747685,3232.49,3232.65,0.0,0,1744747685136,134,0.0
1744747685,3232.514,3232.674,0.0,0,1744747685161,134,0.0
1744747686,3232.602,3232.762,0.0,0,1744747686254,134,0.0
1744747686,3232.506,3232.666,0.0,0,1744747686962,134,0.0
1744747687,3232.532,3232.692,0.0,0,1744747687346,134,0.0
1744747688,3232.531,3232.691,0.0,0,1744747688711,134,0.0
1744747690,3232.502,3232.662,0.0,0,1744747690436,134,0.0
1744747691,3232.514,3232.674,0.0,0,1744747691442,134,0.0
1744747692,3232.459,3232.619,0.0,0,1744747692089,134,0.0
1744747694,3232.448,3232.608,0.0,0,1744747694095,134,0.0
1744747694,3232.413,3232.573,0.0,0,1744747694447,134,0.0
1744747694,3232.372,3232.532,0.0,0,1744747694461,134,0.0
1744747694,3232.34,3232.5,0.0,0,1744747694469,134,0.0
1744747694,3232.303,3232.463,0.0,0,1744747694473,134,0.0
1744747694,3232.214,3232.374,0.0,0,1744747694490,134,0.0
1744747694,3232.056,3232.216,0.0,0,1744747694492,134,0.0
1744747694,3232.017,3232.177,0.0,0,1744747694493,134,0.0
1744747694,3231.964,3232.124,0.0,0,1744747694514,134,0.0
1744747694,3231.933,3232.093,0.0,0,1744747694524,134,0.0
1744747694,3231.906,3232.066,0.0,0,1744747694611,134,0.0
1744747694,3231.874,3232.034,0.0,0,1744747694624,134,0.0
1744747694,3231.905,3232.065,0.0,0,1744747694672,134,0.0
1744747695,3231.952,3232.112,0.0,0,1744747695391,134,0.0
1744747695,3231.926,3232.086,0.0,0,1744747695435,134,0.0
1744747696,3231.937,3232.097,0.0,0,1744747696735,134,0.0
1744747696,3231.907,3232.067,0.0,0,1744747696857,134,0.0
1744747696,3231.867,3232.027,0.0,0,1744747696861,134,0.0
1744747696,3231.838,3231.998,0.0,0,1744747696865,134,0.0
1744747696,3231.799,3231.959,0.0,0,1744747696873,134,0.0
1744747696,3231.756,3231.916,0.0,0,1744747696883,134,0.0
1744747696,3231.649,3231.809,0.0,0,1744747696890,134,0.0
1744747696,3231.542,3231.702,0.0,0,1744747696899,134,0.0
1744747696,3231.495,3231.735,0.0,0,1744747696907,134,0.0
1744747696,3231.383,3231.623,0.0,0,1744747696917,134,0.0
1744747697,3231.411,3231.571,0.0,0,1744747697143,134,0.0
1744747698,3231.454,3231.614,0.0,0,1744747698243,134,0.0
1744747699,3231.437,3231.597,0.0,0,1744747699971,134,0.0
1744747699,3231.392,3231.552,0.0,0,1744747699992,134,0.0
1744747700,3231.365,3231.525,0.0,0,1744747700004,134,0.0
1744747700,3231.341,3231.501,0.0,0,1744747700007,134,0.0
1744747700,3231.234,3231.394,0.0,0,1744747700032,134,0.0
1744747701,3231.293,3231.453,0.0,0,1744747701185,134,0.0
1744747701,3231.197,3231.357,0.0,0,1744747701354,134,0.0
1744747703,3231.264,3231.424,0.0,0,1744747703284,134,0.0
1744747703,3231.238,3231.398,0.0,0,1744747703362,134,0.0
1744747704,3231.23,3231.39,0.0,0,1744747704367,134,0.0
1744747708,3231.229,3231.389,0.0,0,1744747708660,134,0.0
1744747708,3231.26,3231.42,0.0,0,1744747708771,134,0.0
1744747708,3231.304,3231.464,0.0,0,1744747708793,134,0.0
1744747709,3231.334,3231.494,0.0,0,1744747709943,134,0.0
1744747710,3231.349,3231.509,0.0,0,1744747710985,134,0.0
1744747712,3231.402,3231.562,0.0,0,1744747712450,134,0.0
1744747712,3231.429,3231.589,0.0,0,1744747712471,134,0.0
1744747712,3231.471,3231.631,0.0,0,1744747712489,134,0.0
1744747712,3231.497,3231.657,0.0,0,1744747712506,134,0.0
1744747713,3231.505,3231.665,0.0,0,1744747713661,134,0.0
1744747714,3231.47,3231.63,0.0,0,1744747714169,134,0.0
1744747714,3231.425,3231.585,0.0,0,1744747714628,134,0.0
1744747715,3231.416,3231.576,0.0,0,1744747715651,134,0.0
1744747717,3231.403,3231.563,0.0,0,1744747717497,134,0.0
1744747718,3231.401,3231.561,0.0,0,1744747718638,134,0.0
1744747718,3231.355,3231.515,0.0,0,1744747718690,134,0.0
1744747718,3231.322,3231.482,0.0,0,1744747718708,134,0.0
1744747718,3231.294,3231.454,0.0,0,1744747718748,134,0.0
1744747720,3231.282,3231.442,0.0,0,1744747720135,134,0.0
1744747721,3231.218,3231.378,0.0,0,1744747721396,134,0.0
1744747722,3231.223,3231.383,0.0,0,1744747722543,134,0.0
1744747723,3231.228,3231.388,0.0,0,1744747723799,134,0.0
1744747724,3231.322,3231.482,0.0,0,1744747724264,134,0.0
1744747724,3231.363,3231.523,0.0,0,1744747724266,134,0.0
1744747724,3231.424,3231.584,0.0,0,1744747724330,134,0.0
1744747726,3231.429,3231.589,0.0,0,1744747726080,134,0.0
1744747728,3231.404,3231.564,0.0,0,1744747728339,134,0.0
1744747729,3231.35,3231.51,0.0,0,1744747729625,134,0.0
1744747730,3231.408,3231.568,0.0,0,1744747730730,134,0.0
1744747732,3231.367,3231.527,0.0,0,1744747732846,134,0.0
1744747732,3231.419,3231.579,0.0,0,1744747732908,134,0.0
1744747733,3231.414,3231.574,0.0,0,1744747733972,134,0.0
1744747736,3231.416,3231.576,0.0,0,1744747736117,134,0.0
1744747738,3231.433,3231.593,0.0,0,1744747738123,134,0.0
1744747738,3231.453,3231.613,0.0,0,1744747738148,134,0.0
1744747738,3231.48,3231.64,0.0,0,1744747738148,134,0.0
1744747738,3231.532,3231.692,0.0,0,1744747738200,134,0.0
1744747739,3231.598,3231.758,0.0,0,1744747739238,134,0.0
1744747740,3231.596,3231.756,0.0,0,1744747740241,134,0.0
1744747741,3231.488,3231.648,0.0,0,1744747741214,134,0.0
1744747742,3231.51,3231.67,0.0,0,1744747742217,134,0.0
1744747744,3231.507,3231.667,0.0,0,1744747744485,134,0.0
1744747746,3231.443,3231.603,0.0,0,1744747746578,134,0.0
1744747747,3231.509,3231.669,0.0,0,1744747747810,134,0.0
1744747749,3231.505,3231.665,0.0,0,1744747749852,134,0.0
1744747751,3231.432,3231.592,0.0,0,1744747751290,134,0.0
1744747752,3231.396,3231.556,0.0,0,1744747752153,134,0.0
1744747752,3231.362,3231.522,0.0,0,1744747752900,134,0.0
1744747753,3231.336,3231.496,0.0,0,1744747753084,134,0.0
1744747754,3231.332,3231.492,0.0,0,1744747754087,134,0.0
1744747755,3231.33,3231.49,0.0,0,1744747755216,134,0.0
1744747758,3231.404,3231.564,0.0,0,1744747758119,134,0.0
1744747760,3231.407,3231.567,0.0,0,1744747760870,134,0.0
1744747762,3231.337,3231.497,0.0,0,1744747762485,134,0.0
1744747763,3231.407,3231.567,0.0,0,1744747763513,134,0.0
1744747764,3231.347,3231.507,0.0,0,1744747764856,134,0.0
1744747765,3231.44,3231.6,0.0,0,1744747765988,134,0.0
1744747767,3231.456,3231.616,0.0,0,1744747767505,134,0.0
1744747768,3231.418,3231.578,0.0,0,1744747768088,134,0.0
1744747769,3231.417,3231.577,0.0,0,1744747769090,134,0.0
1744747770,3231.413,3231.573,0.0,0,1744747770200,134,0.0
1744747773,3231.414,3231.574,0.0,0,1744747773197,134,0.0
1744747775,3231.367,3231.527,0.0,0,1744747775211,134,0.0
1744747776,3231.414,3231.574,0.0,0,1744747776486,134,0.0
1744747780,3231.415,3231.575,0.0,0,1744747780351,134,0.0
1744747783,3231.407,3231.567,0.0,0,1744747783157,134,0.0
1744747783,3231.366,3231.526,0.0,0,1744747783310,134,0.0
1744747783,3231.328,3231.488,0.0,0,1744747783359,134,0.0
1744747783,3231.392,3231.552,0.0,0,1744747783721,134,0.0
1744747783,3231.434,3231.594,0.0,0,1744747783726,134,0.0
1744747784,3231.437,3231.597,0.0,0,1744747784737,134,0.0
1744747785,3231.476,3231.636,0.0,0,1744747785128,134,0.0
1744747786,3231.489,3231.649,0.0,0,1744747786499,134,0.0
1744747786,3231.44,3231.6,0.0,0,1744747786599,134,0.0
1744747786,3231.48,3231.64,0.0,0,1744747786670,134,0.0
1744747789,3231.511,3231.671,0.0,0,1744747789274,134,0.0
1744747791,3231.485,3231.645,0.0,0,1744747791668,134,0.0
1744747792,3231.487,3231.647,0.0,0,1744747792748,134,0.0
1744747795,3231.503,3231.663,0.0,0,1744747795802,134,0.0
1744747798,3231.501,3231.661,0.0,0,1744747798335,134,0.0
1744747800,3231.496,3231.656,0.0,0,1744747800105,134,0.0
1744747800,3231.457,3231.617,0.0,0,1744747800123,134,0.0
1744747801,3231.419,3231.579,0.0,0,1744747801084,134,0.0
1744747801,3231.391,3231.551,0.0,0,1744747801530,134,0.0
1744747801,3231.428,3231.588,0.0,0,1744747801538,134,0.0
1744747802,3231.443,3231.603,0.0,0,1744747802592,134,0.0
1744747803,3231.484,3231.644,0.0,0,1744747803038,134,0.0
1744747803,3231.513,3231.673,0.0,0,1744747803047,134,0.0
1744747803,3231.538,3231.698,0.0,0,1744747803056,134,0.0
1744747803,3231.565,3231.725,0.0,0,1744747803100,134,0.0
1744747803,3231.607,3231.767,0.0,0,1744747803601,134,0.0
1744747804,3231.564,3231.724,0.0,0,1744747804224,134,0.0
1744747804,3231.525,3231.685,0.0,0,1744747804394,134,0.0
1744747806,3231.517,3231.677,0.0,0,1744747806167,134,0.0
1744747806,3231.48,3231.64,0.0,0,1744747806202,134,0.0
1744747806,3231.444,3231.604,0.0,0,1744747806231,134,0.0
1744747806,3231.395,3231.555,0.0,0,1744747806250,134,0.0
1744747806,3231.366,3231.526,0.0,0,1744747806259,134,0.0
1744747807,3231.363,3231.523,0.0,0,1744747807431,134,0.0
1744747809,3231.31,3231.47,0.0,0,1744747809079,134,0.0
1744747810,3231.288,3231.448,0.0,0,1744747810087,134,0.0
1744747810,3231.261,3231.421,0.0,0,1744747810490,134,0.0
1744747811,3231.243,3231.403,0.0,0,1744747811494,134,0.0
1744747811,3231.273,3231.433,0.0,0,1744747811732,134,0.0
1744747812,3231.286,3231.446,0.0,0,1744747812966,134,0.0
1744747815,3231.293,3231.453,0.0,0,1744747815486,134,0.0
1744747816,3231.353,3231.513,0.0,0,1744747816158,134,0.0
1744747816,3231.394,3231.554,0.0,0,1744747816186,134,0.0
1744747816,3231.428,3231.588,0.0,0,1744747816290,134,0.0
1744747817,3231.523,3231.683,0.0,0,1744747817188,134,0.0
1744747817,3231.559,3231.719,0.0,0,1744747817211,134,0.0
1744747817,3231.583,3231.743,0.0,0,1744747817228,134,0.0
1744747818,3231.546,3231.706,0.0,0,1744747818129,134,0.0
1744747819,3231.601,3231.761,0.0,0,1744747819309,134,0.0
1744747820,3231.528,3231.688,0.0,0,1744747820005,134,0.0
1744747820,3231.483,3231.643,0.0,0,1744747820064,134,0.0
1744747821,3231.539,3231.699,0.0,0,1744747821085,134,0.0
1744747824,3231.496,3231.656,0.0,0,1744747824255,134,0.0
1744747825,3231.562,3231.722,0.0,0,1744747825026,134,0.0
1744747825,3231.605,3231.765,0.0,0,1744747825030,134,0.0
1744747826,3231.569,3231.729,0.0,0,1744747826067,134,0.0
1744747829,3231.612,3231.772,0.0,0,1744747829115,134,0.0
1744747830,3231.601,3231.761,0.0,0,1744747830132,134,0.0
1744747832,3231.584,3231.744,0.0,0,1744747832272,134,0.0
1744747833,3231.58,3231.74,0.0,0,1744747833367,134,0.0
1744747833,3231.621,3231.781,0.0,0,1744747833396,134,0.0
1744747833,3231.66,3231.82,0.0,0,1744747833404,134,0.0
1744747834,3231.648,3231.808,0.0,0,1744747834682,134,0.0
1744747834,3231.682,3231.842,0.0,0,1744747834722,134,0.0
1744747835,3231.699,3231.859,0.0,0,1744747835993,134,0.0
1744747836,3231.66,3231.82,0.0,0,1744747836496,134,0.0
1744747837,3231.653,3231.813,0.0,0,1744747837788,134,0.0
1744747838,3231.658,3231.818,0.0,0,1744747838791,134,0.0
1744747839,3231.674,3231.834,0.0,0,1744747839985,134,0.0
1744747840,3231.631,3231.791,0.0,0,1744747840378,134,0.0
1744747840,3231.582,3231.742,0.0,0,1744747840393,134,0.0
1744747840,3231.549,3231.709,0.0,0,1744747840580,134,0.0
1744747841,3231.523,3231.683,0.0,0,1744747841494,134,0.0
1744747841,3231.498,3231.658,0.0,0,1744747841561,134,0.0
1744747843,3231.42,3231.58,0.0,0,1744747843079,134,0.0
1744747844,3231.422,3231.582,0.0,0,1744747844902,134,0.0
1744747845,3231.413,3231.573,0.0,0,1744747845972,134,0.0
1744747846,3231.387,3231.547,0.0,0,1744747846473,134,0.0
1744747846,3231.363,3231.523,0.0,0,1744747846527,134,0.0
1744747846,3231.336,3231.496,0.0,0,1744747846545,134,0.0
1744747846,3231.311,3231.471,0.0,0,1744747846585,134,0.0
1744747847,3231.276,3231.436,0.0,0,1744747847081,134,0.0
1744747848,3231.286,3231.446,0.0,0,1744747848082,134,0.0
1744747850,3231.299,3231.459,0.0,0,1744747850226,134,0.0
1744747852,3231.32,3231.48,0.0,0,1744747852101,134,0.0
1744747854,3231.313,3231.473,0.0,0,1744747854500,134,0.0
1744747854,3231.266,3231.426,0.0,0,1744747854527,134,0.0
1744747854,3231.24,3231.4,0.0,0,1744747854561,134,0.0
1744747855,3231.216,3231.376,0.0,0,1744747855083,134,0.0
1744747856,3231.215,3231.375,0.0,0,1744747856088,134,0.0
1744747858,3231.214,3231.374,0.0,0,1744747858022,134,0.0
1744747858,3231.188,3231.348,0.0,0,1744747858050,134,0.0
1744747858,3231.158,3231.318,0.0,0,1744747858265,134,0.0
1744747858,3231.131,3231.291,0.0,0,1744747858294,134,0.0
1744747858,3231.099,3231.259,0.0,0,1744747858323,134,0.0
1744747858,3231.072,3231.232,0.0,0,1744747858335,134,0.0
1744747858,3231.046,3231.206,0.0,0,1744747858368,134,0.0
1744747858,3231.007,3231.167,0.0,0,1744747858375,134,0.0
1744747859,3231.055,3231.215,0.0,0,1744747859331,134,0.0
1744747860,3231.036,3231.196,0.0,0,1744747860485,134,0.0
1744747862,3230.96,3231.12,0.0,0,1744747862950,134,0.0
1744747863,3230.986,3231.146,0.0,0,1744747863587,134,0.0
1744747863,3230.949,3231.109,0.0,0,1744747863610,134,0.0
1744747863,3230.887,3231.047,0.0,0,1744747863654,134,0.0
1744747863,3230.967,3231.127,0.0,0,1744747863790,134,0.0
1744747864,3231.001,3231.161,0.0,0,1744747864311,134,0.0
1744747864,3231.045,3231.205,0.0,0,1744747864323,134,0.0
1744747864,3231.097,3231.257,0.0,0,1744747864333,134,0.0
1744747864,3231.133,3231.293,0.0,0,1744747864333,134,0.0
1744747864,3231.16,3231.32,0.0,0,1744747864374,134,0.0
1744747864,3231.186,3231.346,0.0,0,1744747864457,134,0.0
1744747864,3231.242,3231.402,0.0,0,1744747864470,134,0.0
1744747864,3231.3,3231.46,0.0,0,1744747864485,134,0.0
1744747864,3231.329,3231.489,0.0,0,1744747864491,134,0.0
1744747864,3231.395,3231.555,0.0,0,1744747864500,134,0.0
1744747864,3231.448,3231.608,0.0,0,1744747864501,134,0.0
1744747864,3231.475,3231.635,0.0,0,1744747864506,134,0.0
1744747864,3231.445,3231.605,0.0,0,1744747864857,134,0.0
1744747864,3231.387,3231.547,0.0,0,1744747864872,134,0.0
1744747864,3231.344,3231.504,0.0,0,1744747864998,134,0.0
1744747865,3231.39,3231.55,0.0,0,1744747865224,134,0.0
1744747866,3231.337,3231.497,0.0,0,1744747866489,134,0.0
1744747867,3231.326,3231.486,0.0,0,1744747867653,134,0.0
1744747868,3231.251,3231.411,0.0,0,1744747868647,134,0.0
1744747868,3231.213,3231.373,0.0,0,1744747868704,134,0.0
1744747869,3231.255,3231.415,0.0,0,1744747869620,134,0.0
1744747869,3231.303,3231.463,0.0,0,1744747869634,134,0.0
1744747870,3231.359,3231.519,0.0,0,1744747870668,134,0.0
1744747871,3231.397,3231.557,0.0,0,1744747871740,134,0.0
1744747872,3231.38,3231.54,0.0,0,1744747872846,134,0.0
1744747873,3231.336,3231.496,0.0,0,1744747873509,134,0.0
1744747873,3231.258,3231.418,0.0,0,1744747873521,134,0.0
1744747873,3231.232,3231.392,0.0,0,1744747873523,134,0.0
1744747873,3231.205,3231.365,0.0,0,1744747873532,134,0.0
1744747873,3231.179,3231.339,0.0,0,1744747873619,134,0.0
1744747873,3231.15,3231.31,0.0,0,1744747873712,134,0.0
1744747874,3231.103,3231.263,0.0,0,1744747874191,134,0.0
1744747874,3231.025,3231.185,0.0,0,1744747874426,134,0.0
1744747874,3230.998,3231.158,0.0,0,1744747874427,134,0.0
1744747874,3230.963,3231.123,0.0,0,1744747874435,134,0.0
1744747874,3230.922,3231.082,0.0,0,1744747874453,134,0.0
1744747874,3230.894,3231.054,0.0,0,1744747874455,134,0.0
1744747874,3230.834,3230.994,0.0,0,1744747874478,134,0.0
1744747874,3230.807,3230.967,0.0,0,1744747874483,134,0.0
1744747874,3230.782,3230.942,0.0,0,1744747874515,134,0.0
1744747874,3230.727,3230.887,0.0,0,1744747874821,134,0.0
1744747875,3230.773,3230.933,0.0,0,1744747875486,134,0.0
1744747876,3230.757,3230.917,0.0,0,1744747876591,134,0.0
1744747876,3230.782,3230.942,0.0,0,1744747876611,134,0.0
1744747876,3230.832,3230.992,0.0,0,1744747876614,134,0.0
1744747876,3230.871,3231.031,0.0,0,1744747876713,134,0.0
1744747878,3230.83,3230.99,0.0,0,1744747878490,134,0.0
1744747879,3230.819,3230.979,0.0,0,1744747879555,134,0.0
1744747881,3230.785,3230.945,0.0,0,1744747881315,134,0.0
1744747881,3230.729,3230.889,0.0,0,1744747881551,134,0.0
1744747882,3230.736,3230.896,0.0,0,1744747882607,134,0.0
1744747882,3230.699,3230.859,0.0,0,1744747882664,134,0.0
1744747882,3230.622,3230.782,0.0,0,1744747882778,134,0.0
1744747884,3230.679,3230.839,0.0,0,1744747884000,134,0.0
1744747885,3230.722,3230.882,0.0,0,1744747885006,134,0.0
1744747886,3230.734,3230.894,0.0,0,1744747886360,134,0.0
1744747886,3230.643,3230.803,0.0,0,1744747886439,134,0.0
1744747886,3230.607,3230.767,0.0,0,1744747886443,134,0.0
1744747886,3230.582,3230.742,0.0,0,1744747886443,134,0.0
1744747886,3230.553,3230.713,0.0,0,1744747886459,134,0.0
1744747886,3230.522,3230.682,0.0,0,1744747886666,134,0.0
1744747886,3230.486,3230.646,0.0,0,1744747886674,134,0.0
1744747886,3230.455,3230.615,0.0,0,1744747886675,134,0.0
1744747886,3230.359,3230.519,0.0,0,1744747886686,134,0.0
1744747886,3230.318,3230.478,0.0,0,1744747886754,134,0.0
1744747886,3230.288,3230.448,0.0,0,1744747886782,134,0.0
1744747886,3230.239,3230.399,0.0,0,1744747886796,134,0.0
1744747886,3230.208,3230.368,0.0,0,1744747886938,134,0.0
1744747887,3230.241,3230.401,0.0,0,1744747887290,134,0.0
1744747887,3230.275,3230.435,0.0,0,1744747887806,134,0.0
1744747888,3230.311,3230.471,0.0,0,1744747888897,134,0.0
1744747890,3230.307,3230.467,0.0,0,1744747890079,134,0.0
1744747891,3230.298,3230.458,0.0,0,1744747891492,134,0.0
1744747892,3230.262,3230.422,0.0,0,1744747892381,134,0.0
1744747892,3230.226,3230.386,0.0,0,1744747892497,134,0.0
1744747892,3230.201,3230.361,0.0,0,1744747892558,134,0.0
1744747893,3230.123,3230.283,0.0,0,1744747893561,134,0.0
1744747893,3230.23,3230.39,0.0,0,1744747893973,134,0.0
1744747894,3230.251,3230.411,0.0,0,1744747894975,134,0.0
1744747897,3230.285,3230.445,0.0,0,1744747897059,134,0.0
1744747897,3230.32,3230.48,0.0,0,1744747897210,134,0.0
1744747897,3230.354,3230.514,0.0,0,1744747897233,134,0.0
1744747897,3230.385,3230.545,0.0,0,1744747897267,134,0.0
1744747897,3230.348,3230.508,0.0,0,1744747897481,134,0.0
1744747897,3230.236,3230.396,0.0,0,1744747897710,134,0.0
1744747899,3230.245,3230.405,0.0,0,1744747899475,134,0.0
1744747900,3230.27,3230.43,0.0,0,1744747900992,134,0.0
1744747902,3230.25,3230.41,0.0,0,1744747902341,134,0.0
1744747902,3230.211,3230.371,0.0,0,1744747902578,134,0.0
1744747902,3230.186,3230.346,0.0,0,1744747902765,134,0.0
1744747903,3230.165,3230.325,0.0,0,1744747903567,134,0.0
1744747903,3230.186,3230.346,0.0,0,1744747903782,134,0.0
1744747904,3230.166,3230.326,0.0,0,1744747904980,134,0.0
1744747905,3230.167,3230.327,0.0,0,1744747905991,134,0.0
1744747907,3230.174,3230.334,0.0,0,1744747907484,134,0.0
1744747907,3230.22,3230.38,0.0,0,1744747907506,134,0.0
1744747908,3230.258,3230.418,0.0,0,1744747908029,134,0.0
1744747908,3230.292,3230.452,0.0,0,1744747908229,134,0.0
1744747908,3230.352,3230.512,0.0,0,1744747908249,134,0.0
1744747908,3230.451,3230.611,0.0,0,1744747908250,134,0.0
1744747908,3230.517,3230.677,0.0,0,1744747908251,134,0.0
1744747908,3230.547,3230.707,0.0,0,1744747908252,134,0.0
1744747908,3230.575,3230.735,0.0,0,1744747908255,134,0.0
1744747908,3230.601,3230.761,0.0,0,1744747908854,134,0.0
1744747909,3230.574,3230.734,0.0,0,1744747909623,134,0.0
1744747909,3230.542,3230.702,0.0,0,1744747909624,134,0.0
1744747909,3230.493,3230.653,0.0,0,1744747909727,134,0.0
1744747909,3230.454,3230.614,0.0,0,1744747909818,134,0.0
1744747910,3230.418,3230.578,0.0,0,1744747910081,134,0.0
1744747911,3230.382,3230.542,0.0,0,1744747911084,134,0.0
1744747911,3230.309,3230.469,0.0,0,1744747911588,134,0.0
1744747912,3230.323,3230.483,0.0,0,1744747912948,134,0.0
1744747913,3230.303,3230.463,0.0,0,1744747913964,134,0.0
1744747914,3230.342,3230.502,0.0,0,1744747914659,134,0.0
1744747914,3230.317,3230.477,0.0,0,1744747914675,134,0.0
1744747914,3230.278,3230.438,0.0,0,1744747914682,134,0.0
1744747914,3230.253,3230.413,0.0,0,1744747914709,134,0.0
1744747914,3230.228,3230.388,0.0,0,1744747914758,134,0.0
1744747914,3230.191,3230.351,0.0,0,1744747914787,134,0.0
1744747914,3230.164,3230.324,0.0,0,1744747914859,134,0.0
1744747915,3230.139,3230.299,0.0,0,1744747915032,134,0.0
1744747916,3230.154,3230.314,0.0,0,1744747916099,134,0.0
1744747917,3230.179,3230.339,0.0,0,1744747917580,134,0.0
1744747918,3230.175,3230.335,0.0,0,1744747918635,134,0.0
1744747919,3230.227,3230.387,0.0,0,1744747919136,134,0.0
1744747919,3230.268,3230.428,0.0,0,1744747919138,134,0.0
1744747919,3230.306,3230.466,0.0,0,1744747919143,134,0.0
1744747919,3230.347,3230.507,0.0,0,1744747919156,134,0.0
1744747919,3230.372,3230.532,0.0,0,1744747919177,134,0.0
1744747919,3230.399,3230.559,0.0,0,1744747919537,134,0.0
1744747919,3230.428,3230.588,0.0,0,1744747919985,134,0.0
1744747919,3230.453,3230.613,0.0,0,1744747919986,134,0.0
1744747920,3230.483,3230.643,0.0,0,1744747920005,134,0.0
1744747920,3230.51,3230.67,0.0,0,1744747920094,134,0.0
1744747920,3230.534,3230.694,0.0,0,1744747920822,134,0.0
1744747922,3230.542,3230.702,0.0,0,1744747922110,134,0.0
1744747923,3230.487,3230.647,0.0,0,1744747923111,134,0.0
1744747924,3230.546,3230.706,0.0,0,1744747924352,134,0.0
1744747924,3230.578,3230.738,0.0,0,1744747924415,134,0.0
1744747924,3230.608,3230.768,0.0,0,1744747924587,134,0.0
1744747925,3230.633,3230.793,0.0,0,1744747925558,134,0.0
1744747925,3230.677,3230.837,0.0,0,1744747925586,134,0.0
1744747925,3230.703,3230.863,0.0,0,1744747925601,134,0.0
1744747925,3230.736,3230.896,0.0,0,1744747925621,134,0.0
1744747926,3230.709,3230.869,0.0,0,1744747926485,134,0.0
1744747928,3230.728,3230.888,0.0,0,1744747928124,134,0.0
1744747929,3230.757,3230.917,0.0,0,1744747929354,134,0.0
1744747932,3230.761,3230.921,0.0,0,1744747932042,134,0.0
1744747935,3230.684,3230.844,0.0,0,1744747935296,134,0.0
1744747936,3230.742,3230.902,0.0,0,1744747936046,134,0.0
1744747936,3230.787,3230.947,0.0,0,1744747936083,134,0.0
1744747936,3230.813,3230.973,0.0,0,1744747936085,134,0.0
1744747937,3230.822,3230.982,0.0,0,1744747937101,134,0.0
1744747938,3230.877,3231.037,0.0,0,1744747938340,134,0.0
1744747939,3230.799,3230.959,0.0,0,1744747939485,134,0.0
1744747940,3230.831,3230.991,0.0,0,1744747940778,134,0.0
1744747942,3230.756,3230.916,0.0,0,1744747942287,134,0.0
1744747942,3230.794,3230.954,0.0,0,1744747942297,134,0.0
1744747942,3230.83,3230.99,0.0,0,1744747942305,134,0.0
1744747942,3230.86,3231.02,0.0,0,1744747942326,134,0.0
1744747942,3230.908,3231.068,0.0,0,1744747942340,134,0.0
1744747942,3230.941,3231.101,0.0,0,1744747942343,134,0.0
1744747942,3231.023,3231.183,0.0,0,1744747942481,134,0.0
1744747943,3230.983,3231.143,0.0,0,1744747943576,134,0.0
1744747945,3231.046,3231.206,0.0,0,1744747945268,134,0.0
1744747945,3231.071,3231.231,0.0,0,1744747945606,134,0.0
1744747945,3231.097,3231.257,0.0,0,1744747945827,134,0.0
1744747946,3231.032,3231.192,0.0,0,1744747946828,134,0.0
1744747948,3231.029,3231.189,0.0,0,1744747948145,134,0.0
1744747951,3231.026,3231.186,0.0,0,1744747951064,134,0.0
1744747953,3231.019,3231.179,0.0,0,1744747953190,134,0.0
1744747954,3231.049,3231.209,0.0,0,1744747954191,134,0.0
1744747955,3231.035,3231.195,0.0,0,1744747955732,134,0.0
1744747956,3231.098,3231.258,0.0,0,1744747956749,134,0.0
1744747960,3231.051,3231.211,0.0,0,1744747960180,134,0.0
1744747960,3231.085,3231.245,0.0,0,1744747960987,134,0.0
1744747961,3231.112,3231.272,0.0,0,1744747961011,134,0.0
1744747962,3231.128,3231.288,0.0,0,1744747962315,134,0.0
1744747962,3231.079,3231.239,0.0,0,1744747962977,134,0.0
1744747964,3231.063,3231.223,0.0,0,1744747964998,134,0.0
1744747966,3231.084,3231.244,0.0,0,1744747966164,134,0.0
1744747968,3231.093,3231.253,0.0,0,1744747968081,134,0.0
1744747972,3231.085,3231.245,0.0,0,1744747972923,134,0.0
1744747973,3231.046,3231.206,0.0,0,1744747973023,134,0.0
1744747973,3230.996,3231.156,0.0,0,1744747973048,134,0.0
1744747973,3230.958,3231.118,0.0,0,1744747973079,134,0.0
1744747974,3230.948,3231.108,0.0,0,1744747974081,134,0.0
1744747978,3230.945,3231.105,0.0,0,1744747978783,134,0.0
1744747978,3230.991,3231.151,0.0,0,1744747978838,134,0.0
1744747978,3231.053,3231.213,0.0,0,1744747978876,134,0.0
1744747979,3231.089,3231.249,0.0,0,1744747979014,134,0.0
1744747980,3231.169,3231.329,0.0,0,1744747980577,134,0.0
1744747982,3231.076,3231.236,0.0,0,1744747982008,134,0.0
1744747982,3231.018,3231.178,0.0,0,1744747982826,134,0.0
1744747982,3230.981,3231.141,0.0,0,1744747982843,134,0.0
1744747984,3231.011,3231.171,0.0,0,1744747984086,134,0.0
1744747985,3231.007,3231.167,0.0,0,1744747985205,134,0.0
1744747986,3231.081,3231.241,0.0,0,1744747986615,134,0.0
1744747988,3231.082,3231.242,0.0,0,1744747988840,134,0.0
1744747990,3231.086,3231.246,0.0,0,1744747990485,134,0.0
1744747992,3231.089,3231.249,0.0,0,1744747992617,134,0.0
1744747993,3231.014,3231.174,0.0,0,1744747993823,134,0.0
1744747996,3231.002,3231.162,0.0,0,1744747996332,134,0.0
1744747996,3231.055,3231.215,0.0,0,1744747996352,134,0.0
1744747996,3231.105,3231.265,0.0,0,1744747996355,134,0.0
1744747996,3231.168,3231.328,0.0,0,1744747996372,134,0.0
1744747996,3231.255,3231.415,0.0,0,1744747996374,134,0.0
1744747996,3231.353,3231.513,0.0,0,1744747996392,134,0.0
1744747996,3231.386,3231.546,0.0,0,1744747996393,134,0.0
1744747998,3231.393,3231.553,0.0,0,1744747998233,134,0.0
1744748001,3231.418,3231.578,0.0,0,1744748001092,134,0.0
1744748002,3231.421,3231.581,0.0,0,1744748002235,134,0.0
1744748003,3231.449,3231.609,0.0,0,1744748003242,134,0.0
1744748004,3231.452,3231.612,0.0,0,1744748004733,134,0.0
1744748006,3231.442,3231.602,0.0,0,1744748006117,134,0.0
1744748006,3231.553,3231.713,0.0,0,1744748006599,134,0.0
1744748006,3231.583,3231.743,0.0,0,1744748006604,134,0.0
1744748006,3231.611,3231.771,0.0,0,1744748006615,134,0.0
1744748006,3231.638,3231.798,0.0,0,1744748006662,134,0.0
1744748007,3231.644,3231.804,0.0,0,1744748007671,134,0.0
1744748008,3231.584,3231.744,0.0,0,1744748008768,134,0.0
1744748008,3231.626,3231.786,0.0,0,1744748008945,134,0.0
1744748009,3231.574,3231.734,0.0,0,1744748009951,134,0.0
1744748010,3231.597,3231.757,0.0,0,1744748010349,134,0.0
1744748010,3231.548,3231.708,0.0,0,1744748010402,134,0.0
1744748010,3231.501,3231.661,0.0,0,1744748010408,134,0.0
1744748010,3231.474,3231.634,0.0,0,1744748010441,134,0.0
1744748010,3231.45,3231.61,0.0,0,1744748010520,134,0.0
1744748010,3231.416,3231.576,0.0,0,1744748010541,134,0.0
1744748010,3231.386,3231.546,0.0,0,1744748010574,134,0.0
1744748010,3231.353,3231.513,0.0,0,1744748010632,134,0.0
1744748010,3231.323,3231.483,0.0,0,1744748010671,134,0.0
1744748010,3231.294,3231.454,0.0,0,1744748010741,134,0.0
1744748010,3231.256,3231.416,0.0,0,1744748010763,134,0.0
1744748010,3231.228,3231.388,0.0,0,1744748010771,134,0.0
1744748010,3231.194,3231.354,0.0,0,1744748010774,134,0.0
1744748010,3231.169,3231.329,0.0,0,1744748010774,134,0.0
1744748010,3231.144,3231.304,0.0,0,1744748010775,134,0.0
1744748010,3231.115,3231.275,0.0,0,1744748010794,134,0.0
1744748010,3231.012,3231.172,0.0,0,1744748010862,134,0.0
1744748010,3230.985,3231.145,0.0,0,1744748010874,134,0.0
1744748010,3230.957,3231.117,0.0,0,1744748010891,134,0.0
1744748011,3230.932,3231.092,0.0,0,1744748011235,134,0.0
1744748012,3230.937,3231.097,0.0,0,1744748012484,134,0.0
1744748013,3231.011,3231.171,0.0,0,1744748013693,134,0.0
1744748015,3231.002,3231.162,0.0,0,1744748015397,134,0.0
1744748015,3231.039,3231.199,0.0,0,1744748015539,134,0.0
1744748016,3231.056,3231.216,0.0,0,1744748016540,134,0.0
1744748018,3231.069,3231.229,0.0,0,1744748018215,134,0.0
1744748019,3231.085,3231.245,0.0,0,1744748019694,134,0.0
1744748020,3231.036,3231.196,0.0,0,1744748020304,134,0.0
1744748020,3231.001,3231.161,0.0,0,1744748020559,134,0.0
1744748020,3230.973,3231.133,0.0,0,1744748020574,134,0.0
1744748020,3230.944,3231.104,0.0,0,1744748020672,134,0.0
1744748020,3230.912,3231.072,0.0,0,1744748020677,134,0.0
1744748020,3230.877,3231.037,0.0,0,1744748020687,134,0.0
1744748020,3230.945,3231.105,0.0,0,1744748020946,134,0.0
1744748020,3230.999,3231.159,0.0,0,1744748020948,134,0.0
1744748020,3231.054,3231.214,0.0,0,1744748020969,134,0.0
1744748021,3231.014,3231.174,0.0,0,1744748021047,134,0.0
1744748023,3231.024,3231.184,0.0,0,1744748023021,134,0.0
1744748025,3231.027,3231.187,0.0,0,1744748025246,134,0.0
1744748026,3231.03,3231.19,0.0,0,1744748026569,134,0.0
1744748027,3231.029,3231.189,0.0,0,1744748027706,134,0.0
