time,bid,ask,last,volume,time_msc,flags,volume_real
1743068909,0.63066,0.63075,0.0,0,1743068909366,134,0.0
1743068910,0.63065,0.63074,0.0,0,1743068910439,134,0.0
1743068911,0.63066,0.63075,0.0,0,1743068911623,134,0.0
1743068924,0.63065,0.63074,0.0,0,1743068924292,134,0.0
1743068924,0.63064,0.63073,0.0,0,1743068924315,134,0.0
1743068926,0.63063,0.63072,0.0,0,1743068926471,134,0.0
1743068931,0.63062,0.63071,0.0,0,1743068931841,134,0.0
1743068937,0.63063,0.63072,0.0,0,1743068937459,134,0.0
1743068937,0.63065,0.63074,0.0,0,1743068937499,134,0.0
1743068938,0.63066,0.63075,0.0,0,1743068938831,134,0.0
1743068940,0.63066,0.63075,0.0,0,1743068940264,130,0.0
1743068941,0.63065,0.63074,0.0,0,1743068941345,134,0.0
1743068943,0.63064,0.63073,0.0,0,1743068943403,134,0.0
1743068947,0.63063,0.63072,0.0,0,1743068947495,134,0.0
1743068948,0.63064,0.63073,0.0,0,1743068948633,134,0.0
1743068948,0.63065,0.63074,0.0,0,1743068948950,134,0.0
1743068952,0.63066,0.63075,0.0,0,1743068952667,134,0.0
1743068955,0.63068,0.63077,0.0,0,1743068955233,134,0.0
1743068963,0.63069,0.63078,0.0,0,1743068963095,134,0.0
1743068964,0.6307,0.63079,0.0,0,1743068964194,134,0.0
1743068965,0.63069,0.63078,0.0,0,1743068965597,134,0.0
1743068967,0.6307,0.63079,0.0,0,1743068967023,134,0.0
1743068971,0.63071,0.6308,0.0,0,1743068971413,134,0.0
1743068972,0.6307,0.63079,0.0,0,1743068972598,134,0.0
1743068973,0.63069,0.63078,0.0,0,1743068973958,134,0.0
1743068974,0.63068,0.63077,0.0,0,1743068974265,134,0.0
1743068975,0.63067,0.63076,0.0,0,1743068975995,134,0.0
1743068977,0.63069,0.63078,0.0,0,1743068977353,134,0.0
1743068978,0.63067,0.63076,0.0,0,1743068978709,134,0.0
1743068990,0.63068,0.63077,0.0,0,1743068990759,134,0.0
1743068990,0.6307,0.63079,0.0,0,1743068990826,134,0.0
1743068993,0.63071,0.6308,0.0,0,1743068993001,134,0.0
1743069000,0.6307,0.63079,0.0,0,1743069000545,134,0.0
1743069001,0.63071,0.6308,0.0,0,1743069001551,134,0.0
1743069002,0.6307,0.63079,0.0,0,1743069002565,134,0.0
1743069005,0.63069,0.63078,0.0,0,1743069005296,134,0.0
1743069006,0.63068,0.63077,0.0,0,1743069006305,134,0.0
1743069008,0.63069,0.63078,0.0,0,1743069008451,134,0.0
1743069009,0.6307,0.63079,0.0,0,1743069009699,134,0.0
1743069009,0.63071,0.6308,0.0,0,1743069009741,134,0.0
1743069010,0.63072,0.63081,0.0,0,1743069010785,134,0.0
1743069011,0.63073,0.63082,0.0,0,1743069011787,134,0.0
1743069012,0.63072,0.63081,0.0,0,1743069012790,134,0.0
1743069017,0.63073,0.63082,0.0,0,1743069017275,134,0.0
1743069023,0.63074,0.63083,0.0,0,1743069023630,134,0.0
1743069028,0.63073,0.63082,0.0,0,1743069028044,134,0.0
1743069035,0.63074,0.63083,0.0,0,1743069035719,134,0.0
1743069043,0.63073,0.63082,0.0,0,1743069043172,134,0.0
1743069046,0.63072,0.63081,0.0,0,1743069046838,134,0.0
1743069048,0.63071,0.6308,0.0,0,1743069048159,134,0.0
1743069048,0.6307,0.63079,0.0,0,1743069048989,134,0.0
1743069050,0.63069,0.63078,0.0,0,1743069050575,134,0.0
1743069061,0.63069,0.63078,0.0,0,1743069061368,130,0.0
1743069072,0.6307,0.63079,0.0,0,1743069072514,134,0.0
1743069073,0.63069,0.63078,0.0,0,1743069073514,134,0.0
1743069084,0.63068,0.63077,0.0,0,1743069084839,134,0.0
1743069085,0.63069,0.63078,0.0,0,1743069085858,134,0.0
1743069086,0.63071,0.6308,0.0,0,1743069086229,134,0.0
1743069096,0.63072,0.63081,0.0,0,1743069096503,134,0.0
1743069098,0.63073,0.63082,0.0,0,1743069098887,134,0.0
1743069100,0.63072,0.63081,0.0,0,1743069100123,134,0.0
1743069101,0.63071,0.6308,0.0,0,1743069101337,134,0.0
1743069102,0.6307,0.63079,0.0,0,1743069102444,134,0.0
1743069120,0.6307,0.63079,0.0,0,1743069120089,130,0.0
1743069123,0.63068,0.63077,0.0,0,1743069123276,134,0.0
1743069132,0.63066,0.63075,0.0,0,1743069132621,134,0.0
1743069135,0.63065,0.63074,0.0,0,1743069135226,134,0.0
1743069137,0.63066,0.63075,0.0,0,1743069137460,134,0.0
1743069141,0.63065,0.63074,0.0,0,1743069141097,134,0.0
1743069147,0.63066,0.63075,0.0,0,1743069147217,134,0.0
1743069148,0.63065,0.63074,0.0,0,1743069148292,134,0.0
1743069153,0.63064,0.63073,0.0,0,1743069153087,134,0.0
1743069156,0.63063,0.63072,0.0,0,1743069156212,134,0.0
1743069169,0.63064,0.63073,0.0,0,1743069169827,134,0.0
1743069171,0.63063,0.63072,0.0,0,1743069171182,134,0.0
1743069178,0.63062,0.63071,0.0,0,1743069178789,134,0.0
1743069180,0.63062,0.63071,0.0,0,1743069180272,130,0.0
1743069182,0.63061,0.6307,0.0,0,1743069182373,134,0.0
1743069184,0.6306,0.63069,0.0,0,1743069184883,134,0.0
1743069185,0.63059,0.63068,0.0,0,1743069185803,134,0.0
1743069185,0.63057,0.63066,0.0,0,1743069185873,134,0.0
1743069187,0.63058,0.63067,0.0,0,1743069187159,134,0.0
1743069200,0.63059,0.63068,0.0,0,1743069200144,134,0.0
1743069201,0.63058,0.63067,0.0,0,1743069201581,134,0.0
1743069203,0.63059,0.63068,0.0,0,1743069203758,134,0.0
1743069208,0.6306,0.63069,0.0,0,1743069208771,134,0.0
1743069209,0.63059,0.63068,0.0,0,1743069209797,134,0.0
1743069219,0.6306,0.63069,0.0,0,1743069219743,134,0.0
1743069219,0.63061,0.6307,0.0,0,1743069219771,134,0.0
1743069219,0.63062,0.63071,0.0,0,1743069219804,134,0.0
1743069220,0.63063,0.63072,0.0,0,1743069220821,134,0.0
1743069221,0.63062,0.63071,0.0,0,1743069221832,134,0.0
1743069235,0.63063,0.63072,0.0,0,1743069235967,134,0.0
1743069237,0.63062,0.63071,0.0,0,1743069237357,134,0.0
1743069241,0.63061,0.6307,0.0,0,1743069241512,134,0.0
1743069242,0.6306,0.63069,0.0,0,1743069242290,134,0.0
1743069243,0.63059,0.63068,0.0,0,1743069243483,134,0.0
1743069252,0.6306,0.63069,0.0,0,1743069252030,134,0.0
1743069254,0.63059,0.63068,0.0,0,1743069254493,134,0.0
1743069255,0.63058,0.63067,0.0,0,1743069255188,134,0.0
1743069257,0.63056,0.63065,0.0,0,1743069257309,134,0.0
1743069257,0.63055,0.63064,0.0,0,1743069257468,134,0.0
1743069257,0.63053,0.63062,0.0,0,1743069257543,134,0.0
1743069258,0.63055,0.63064,0.0,0,1743069258461,134,0.0
1743069261,0.63056,0.63065,0.0,0,1743069261525,134,0.0
1743069262,0.63057,0.63066,0.0,0,1743069262722,134,0.0
1743069263,0.63059,0.63068,0.0,0,1743069263777,134,0.0
1743069264,0.63058,0.63067,0.0,0,1743069264954,134,0.0
1743069267,0.6306,0.63069,0.0,0,1743069267127,134,0.0
1743069270,0.63059,0.63068,0.0,0,1743069270558,134,0.0
1743069270,0.63058,0.63067,0.0,0,1743069270715,134,0.0
1743069271,0.63057,0.63066,0.0,0,1743069271055,134,0.0
1743069271,0.63055,0.63064,0.0,0,1743069271076,134,0.0
1743069272,0.63054,0.63063,0.0,0,1743069272166,134,0.0
1743069272,0.63056,0.63065,0.0,0,1743069272723,134,0.0
1743069273,0.63057,0.63066,0.0,0,1743069273662,134,0.0
1743069274,0.63059,0.63068,0.0,0,1743069274945,134,0.0
1743069277,0.63058,0.63067,0.0,0,1743069277522,134,0.0
1743069286,0.63059,0.63068,0.0,0,1743069286614,134,0.0
1743069287,0.63061,0.6307,0.0,0,1743069287310,134,0.0
1743069293,0.63062,0.63071,0.0,0,1743069293590,134,0.0
1743069294,0.63063,0.63072,0.0,0,1743069294832,134,0.0
1743069299,0.63061,0.6307,0.0,0,1743069299295,134,0.0
1743069300,0.63061,0.6307,0.0,0,1743069300298,130,0.0
1743069303,0.63062,0.63071,0.0,0,1743069303802,134,0.0
1743069304,0.63063,0.63072,0.0,0,1743069304131,134,0.0
1743069305,0.63064,0.63073,0.0,0,1743069305681,134,0.0
1743069308,0.63063,0.63072,0.0,0,1743069308278,134,0.0
1743069310,0.63064,0.63073,0.0,0,1743069310625,134,0.0
1743069312,0.63065,0.63074,0.0,0,1743069312048,134,0.0
1743069312,0.63066,0.63075,0.0,0,1743069312128,134,0.0
1743069313,0.63068,0.63077,0.0,0,1743069313182,134,0.0
1743069317,0.63069,0.63078,0.0,0,1743069317661,134,0.0
1743069319,0.6307,0.63079,0.0,0,1743069319163,134,0.0
1743069322,0.63071,0.6308,0.0,0,1743069322821,134,0.0
1743069329,0.6307,0.63079,0.0,0,1743069329235,134,0.0
1743069333,0.63071,0.6308,0.0,0,1743069333216,134,0.0
1743069342,0.6307,0.63079,0.0,0,1743069342471,134,0.0
1743069343,0.63069,0.63078,0.0,0,1743069343556,134,0.0
1743069343,0.63071,0.6308,0.0,0,1743069343640,134,0.0
1743069347,0.63072,0.63081,0.0,0,1743069347018,134,0.0
1743069351,0.63071,0.6308,0.0,0,1743069351049,134,0.0
1743069358,0.6307,0.63079,0.0,0,1743069358192,134,0.0
1743069359,0.63069,0.63078,0.0,0,1743069359228,134,0.0
1743069360,0.63069,0.63078,0.0,0,1743069360235,130,0.0
1743069363,0.63071,0.6308,0.0,0,1743069363143,134,0.0
1743069378,0.6307,0.63079,0.0,0,1743069378773,134,0.0
1743069379,0.63069,0.63078,0.0,0,1743069379879,134,0.0
1743069381,0.6307,0.63079,0.0,0,1743069381164,134,0.0
1743069385,0.63071,0.6308,0.0,0,1743069385110,134,0.0
1743069389,0.63073,0.63082,0.0,0,1743069389951,134,0.0
1743069393,0.63074,0.63083,0.0,0,1743069393986,134,0.0
1743069394,0.63075,0.63084,0.0,0,1743069394021,134,0.0
1743069394,0.63077,0.63086,0.0,0,1743069394070,134,0.0
1743069394,0.63078,0.63087,0.0,0,1743069394115,134,0.0
1743069397,0.63079,0.63088,0.0,0,1743069397368,134,0.0
1743069398,0.6308,0.63089,0.0,0,1743069398868,134,0.0
1743069399,0.63079,0.63088,0.0,0,1743069399894,134,0.0
1743069406,0.63078,0.63087,0.0,0,1743069406040,134,0.0
1743069413,0.63079,0.63088,0.0,0,1743069413343,134,0.0
1743069417,0.63078,0.63087,0.0,0,1743069417230,134,0.0
1743069418,0.63077,0.63086,0.0,0,1743069418232,134,0.0
1743069420,0.63076,0.63085,0.0,0,1743069420372,134,0.0
1743069421,0.63078,0.63087,0.0,0,1743069421591,134,0.0
1743069425,0.6308,0.63089,0.0,0,1743069425800,134,0.0
1743069426,0.63081,0.6309,0.0,0,1743069426274,134,0.0
1743069430,0.63082,0.63091,0.0,0,1743069430310,134,0.0
1743069431,0.63083,0.63092,0.0,0,1743069431373,134,0.0
1743069432,0.63082,0.63091,0.0,0,1743069432573,134,0.0
1743069438,0.63083,0.63092,0.0,0,1743069438843,134,0.0
1743069446,0.63085,0.63094,0.0,0,1743069446019,134,0.0
1743069449,0.63083,0.63092,0.0,0,1743069449046,134,0.0
1743069449,0.63082,0.63091,0.0,0,1743069449086,134,0.0
1743069450,0.6308,0.63089,0.0,0,1743069450190,134,0.0
1743069453,0.63078,0.63087,0.0,0,1743069453923,134,0.0
1743069454,0.63079,0.63088,0.0,0,1743069454994,134,0.0
1743069459,0.63078,0.63087,0.0,0,1743069459685,134,0.0
1743069462,0.63079,0.63088,0.0,0,1743069462177,134,0.0
1743069463,0.6308,0.63089,0.0,0,1743069463172,134,0.0
1743069469,0.63079,0.63088,0.0,0,1743069469251,134,0.0
1743069470,0.6308,0.63089,0.0,0,1743069470322,134,0.0
1743069478,0.63079,0.63088,0.0,0,1743069478240,134,0.0
1743069481,0.63079,0.63088,0.0,0,1743069481013,130,0.0
1743069482,0.63078,0.63087,0.0,0,1743069482433,134,0.0
1743069484,0.63079,0.63088,0.0,0,1743069484704,134,0.0
1743069490,0.63081,0.6309,0.0,0,1743069490733,134,0.0
1743069491,0.6308,0.63089,0.0,0,1743069491963,134,0.0
1743069493,0.63079,0.63088,0.0,0,1743069493291,134,0.0
1743069496,0.6308,0.63089,0.0,0,1743069496038,134,0.0
1743069498,0.63079,0.63088,0.0,0,1743069498728,134,0.0
1743069502,0.6308,0.63089,0.0,0,1743069502507,134,0.0
1743069503,0.63079,0.63088,0.0,0,1743069503839,134,0.0
1743069503,0.63078,0.63087,0.0,0,1743069503937,134,0.0
1743069503,0.63077,0.63086,0.0,0,1743069503947,134,0.0
1743069503,0.63075,0.63084,0.0,0,1743069503989,134,0.0
1743069508,0.63074,0.63083,0.0,0,1743069508839,134,0.0
1743069509,0.63073,0.63082,0.0,0,1743069509325,134,0.0
1743069510,0.63072,0.63081,0.0,0,1743069510998,134,0.0
1743069512,0.63073,0.63082,0.0,0,1743069512009,134,0.0
1743069514,0.63074,0.63083,0.0,0,1743069514068,134,0.0
1743069518,0.63073,0.63082,0.0,0,1743069518515,134,0.0
1743069531,0.63074,0.63083,0.0,0,1743069531942,134,0.0
1743069533,0.63073,0.63082,0.0,0,1743069533390,134,0.0
1743069534,0.63074,0.63083,0.0,0,1743069534709,134,0.0
1743069537,0.63073,0.63082,0.0,0,1743069537184,134,0.0
1743069540,0.63072,0.63081,0.0,0,1743069540294,134,0.0
1743069543,0.63073,0.63082,0.0,0,1743069543826,134,0.0
1743069545,0.63072,0.63081,0.0,0,1743069545631,134,0.0
1743069547,0.63073,0.63082,0.0,0,1743069547442,134,0.0
1743069548,0.63074,0.63083,0.0,0,1743069548646,134,0.0
1743069561,0.63073,0.63082,0.0,0,1743069561848,134,0.0
1743069563,0.63074,0.63083,0.0,0,1743069563378,134,0.0
1743069565,0.63073,0.63082,0.0,0,1743069565679,134,0.0
1743069567,0.63074,0.63083,0.0,0,1743069567130,134,0.0
1743069569,0.63075,0.63084,0.0,0,1743069569163,134,0.0
1743069571,0.63074,0.63083,0.0,0,1743069571758,134,0.0
1743069574,0.63073,0.63082,0.0,0,1743069574170,134,0.0
1743069574,0.63072,0.63081,0.0,0,1743069574192,134,0.0
1743069575,0.63071,0.6308,0.0,0,1743069575399,134,0.0
1743069580,0.63069,0.63078,0.0,0,1743069580612,134,0.0
1743069586,0.63068,0.63077,0.0,0,1743069586099,134,0.0
1743069587,0.63069,0.63078,0.0,0,1743069587183,134,0.0
1743069588,0.63068,0.63077,0.0,0,1743069588709,134,0.0
1743069594,0.63069,0.63078,0.0,0,1743069594740,134,0.0
1743069596,0.63068,0.63077,0.0,0,1743069596883,134,0.0
1743069600,0.63068,0.63077,0.0,0,1743069600129,130,0.0
1743069602,0.63067,0.63076,0.0,0,1743069602379,134,0.0
1743069604,0.63066,0.63075,0.0,0,1743069604633,134,0.0
1743069605,0.63065,0.63074,0.0,0,1743069605748,134,0.0
1743069607,0.63066,0.63075,0.0,0,1743069607573,134,0.0
1743069608,0.63067,0.63076,0.0,0,1743069608588,134,0.0
1743069610,0.63068,0.63077,0.0,0,1743069610013,134,0.0
1743069613,0.63069,0.63078,0.0,0,1743069613288,134,0.0
1743069614,0.63068,0.63077,0.0,0,1743069614569,134,0.0
1743069615,0.63066,0.63075,0.0,0,1743069615051,134,0.0
1743069615,0.63065,0.63074,0.0,0,1743069615087,134,0.0
1743069615,0.63063,0.63072,0.0,0,1743069615136,134,0.0
1743069628,0.63062,0.63071,0.0,0,1743069628335,134,0.0
1743069649,0.63063,0.63072,0.0,0,1743069649284,134,0.0
1743069650,0.63062,0.63071,0.0,0,1743069650322,134,0.0
1743069650,0.63061,0.6307,0.0,0,1743069650344,134,0.0
1743069650,0.6306,0.63069,0.0,0,1743069650367,134,0.0
1743069650,0.63058,0.63067,0.0,0,1743069650470,134,0.0
1743069651,0.63057,0.63066,0.0,0,1743069651698,134,0.0
1743069652,0.63058,0.63067,0.0,0,1743069652914,134,0.0
1743069660,0.63058,0.63067,0.0,0,1743069660418,130,0.0
1743069662,0.63059,0.63068,0.0,0,1743069662250,134,0.0
1743069663,0.6306,0.63069,0.0,0,1743069663689,134,0.0
1743069672,0.63062,0.63071,0.0,0,1743069672172,134,0.0
1743069672,0.63063,0.63072,0.0,0,1743069672613,134,0.0
1743069673,0.63064,0.63073,0.0,0,1743069673724,134,0.0
1743069693,0.63063,0.63072,0.0,0,1743069693134,134,0.0
1743069695,0.63062,0.63071,0.0,0,1743069695566,134,0.0
1743069697,0.63063,0.63072,0.0,0,1743069697393,134,0.0
1743069704,0.63062,0.63071,0.0,0,1743069704566,134,0.0
1743069710,0.63061,0.6307,0.0,0,1743069710699,134,0.0
1743069710,0.6306,0.63069,0.0,0,1743069710948,134,0.0
1743069712,0.63059,0.63068,0.0,0,1743069712170,134,0.0
1743069713,0.6306,0.63069,0.0,0,1743069713413,134,0.0
1743069714,0.63059,0.63068,0.0,0,1743069714709,134,0.0
1743069717,0.63061,0.6307,0.0,0,1743069717397,134,0.0
1743069719,0.6306,0.63069,0.0,0,1743069719566,134,0.0
1743069721,0.6306,0.63069,0.0,0,1743069721234,130,0.0
1743069729,0.63059,0.63068,0.0,0,1743069729703,134,0.0
1743069741,0.63058,0.63067,0.0,0,1743069741270,134,0.0
1743069745,0.63057,0.63066,0.0,0,1743069745703,134,0.0
1743069754,0.63059,0.63068,0.0,0,1743069754556,134,0.0
1743069756,0.63058,0.63067,0.0,0,1743069756215,134,0.0
1743069762,0.63057,0.63066,0.0,0,1743069762238,134,0.0
1743069765,0.63056,0.63065,0.0,0,1743069765028,134,0.0
1743069765,0.63055,0.63064,0.0,0,1743069765134,134,0.0
1743069765,0.63053,0.63062,0.0,0,1743069765173,134,0.0
1743069768,0.63052,0.63061,0.0,0,1743069768281,134,0.0
1743069769,0.6305,0.63059,0.0,0,1743069769281,134,0.0
1743069769,0.63049,0.63058,0.0,0,1743069769539,134,0.0
1743069769,0.63047,0.63056,0.0,0,1743069769953,134,0.0
1743069772,0.63046,0.63055,0.0,0,1743069772730,134,0.0
1743069780,0.63047,0.63056,0.0,0,1743069780060,134,0.0
1743069781,0.63046,0.63055,0.0,0,1743069781166,134,0.0
1743069783,0.63047,0.63056,0.0,0,1743069783331,134,0.0
1743069784,0.63046,0.63055,0.0,0,1743069784509,134,0.0
1743069785,0.63047,0.63056,0.0,0,1743069785528,134,0.0
1743069792,0.63049,0.63058,0.0,0,1743069792472,134,0.0
1743069792,0.6305,0.63059,0.0,0,1743069792507,134,0.0
1743069793,0.63051,0.6306,0.0,0,1743069793518,134,0.0
1743069796,0.63053,0.63062,0.0,0,1743069796632,134,0.0
1743069797,0.63052,0.63061,0.0,0,1743069797666,134,0.0
1743069800,0.63051,0.6306,0.0,0,1743069800418,134,0.0
1743069804,0.63052,0.63061,0.0,0,1743069804995,134,0.0
1743069808,0.63053,0.63062,0.0,0,1743069808973,134,0.0
1743069810,0.63052,0.63061,0.0,0,1743069810528,134,0.0
1743069811,0.6305,0.63059,0.0,0,1743069811684,134,0.0
1743069812,0.63051,0.6306,0.0,0,1743069812822,134,0.0
1743069816,0.63052,0.63061,0.0,0,1743069816250,134,0.0
1743069822,0.63053,0.63062,0.0,0,1743069822543,134,0.0
1743069823,0.63054,0.63063,0.0,0,1743069823555,134,0.0
1743069824,0.63056,0.63065,0.0,0,1743069824693,134,0.0
1743069824,0.63057,0.63066,0.0,0,1743069824730,134,0.0
1743069824,0.63058,0.63067,0.0,0,1743069824874,134,0.0
1743069825,0.63059,0.63068,0.0,0,1743069825877,134,0.0
1743069826,0.63058,0.63067,0.0,0,1743069826974,134,0.0
1743069838,0.63057,0.63066,0.0,0,1743069838599,134,0.0
1743069840,0.63057,0.63066,0.0,0,1743069840154,130,0.0
1743069841,0.63058,0.63067,0.0,0,1743069841368,134,0.0
1743069842,0.63057,0.63066,0.0,0,1743069842574,134,0.0
1743069843,0.63056,0.63065,0.0,0,1743069843492,134,0.0
1743069845,0.63057,0.63066,0.0,0,1743069845514,134,0.0
1743069855,0.63056,0.63065,0.0,0,1743069855965,134,0.0
1743069858,0.63057,0.63066,0.0,0,1743069858546,134,0.0
1743069861,0.63056,0.63065,0.0,0,1743069861597,134,0.0
1743069862,0.63057,0.63066,0.0,0,1743069862601,134,0.0
1743069864,0.63056,0.63065,0.0,0,1743069864718,134,0.0
1743069865,0.63057,0.63066,0.0,0,1743069865781,134,0.0
1743069866,0.63056,0.63065,0.0,0,1743069866785,134,0.0
1743069870,0.63055,0.63064,0.0,0,1743069870085,134,0.0
1743069870,0.63053,0.63062,0.0,0,1743069870110,134,0.0
1743069872,0.63054,0.63063,0.0,0,1743069872452,134,0.0
1743069873,0.63055,0.63064,0.0,0,1743069873229,134,0.0
1743069873,0.63057,0.63066,0.0,0,1743069873293,134,0.0
1743069875,0.63056,0.63065,0.0,0,1743069875892,134,0.0
1743069877,0.63057,0.63066,0.0,0,1743069877053,134,0.0
1743069878,0.63056,0.63065,0.0,0,1743069878299,134,0.0
1743069882,0.63057,0.63066,0.0,0,1743069882204,134,0.0
1743069900,0.63057,0.63066,0.0,0,1743069900088,130,0.0
1743069901,0.63059,0.63068,0.0,0,1743069901286,134,0.0
1743069901,0.6306,0.63069,0.0,0,1743069901370,134,0.0
1743069901,0.63061,0.6307,0.0,0,1743069901675,134,0.0
1743069901,0.63063,0.63072,0.0,0,1743069901719,134,0.0
1743069905,0.63061,0.6307,0.0,0,1743069905007,134,0.0
1743069905,0.6306,0.63069,0.0,0,1743069905932,134,0.0
1743069908,0.63062,0.63071,0.0,0,1743069908000,134,0.0
1743069909,0.6306,0.63069,0.0,0,1743069909418,134,0.0
1743069909,0.63059,0.63068,0.0,0,1743069909527,134,0.0
1743069910,0.63058,0.63067,0.0,0,1743069910745,134,0.0
1743069913,0.63059,0.63068,0.0,0,1743069913593,134,0.0
1743069918,0.6306,0.63069,0.0,0,1743069918592,134,0.0
1743069921,0.63059,0.63068,0.0,0,1743069921987,134,0.0
1743069922,0.6306,0.63069,0.0,0,1743069922997,134,0.0
1743069923,0.63061,0.6307,0.0,0,1743069923143,134,0.0
1743069929,0.63059,0.63068,0.0,0,1743069929444,134,0.0
1743069929,0.63058,0.63067,0.0,0,1743069929690,134,0.0
1743069930,0.63059,0.63068,0.0,0,1743069930594,134,0.0
1743069930,0.63061,0.6307,0.0,0,1743069930775,134,0.0
1743069935,0.63062,0.63071,0.0,0,1743069935107,134,0.0
1743069935,0.63063,0.63072,0.0,0,1743069935481,134,0.0
1743069935,0.63064,0.63073,0.0,0,1743069935650,134,0.0
1743069940,0.63066,0.63075,0.0,0,1743069940368,134,0.0
1743069942,0.63067,0.63076,0.0,0,1743069942865,134,0.0
1743069944,0.63068,0.63077,0.0,0,1743069944849,134,0.0
1743069946,0.63067,0.63076,0.0,0,1743069946731,134,0.0
1743069948,0.63068,0.63077,0.0,0,1743069948109,134,0.0
1743069949,0.63067,0.63076,0.0,0,1743069949110,134,0.0
1743069950,0.63069,0.63078,0.0,0,1743069950029,134,0.0
1743069953,0.63071,0.6308,0.0,0,1743069953182,134,0.0
1743069954,0.6307,0.63079,0.0,0,1743069954564,134,0.0
1743069956,0.63072,0.63081,0.0,0,1743069956189,134,0.0
1743069959,0.63073,0.63082,0.0,0,1743069959211,134,0.0
1743069960,0.63073,0.63082,0.0,0,1743069960330,130,0.0
1743069986,0.63074,0.63083,0.0,0,1743069986922,134,0.0
1743069991,0.63075,0.63084,0.0,0,1743069991199,134,0.0
1743069992,0.63076,0.63085,0.0,0,1743069992697,134,0.0
1743069995,0.63077,0.63086,0.0,0,1743069995056,134,0.0
1743069996,0.63078,0.63087,0.0,0,1743069996089,134,0.0
1743069997,0.63079,0.63088,0.0,0,1743069997613,134,0.0
1743070001,0.63078,0.63087,0.0,0,1743070001734,134,0.0
1743070006,0.63079,0.63088,0.0,0,1743070006287,134,0.0
1743070013,0.63078,0.63087,0.0,0,1743070013527,134,0.0
1743070017,0.63076,0.63085,0.0,0,1743070017422,134,0.0
1743070021,0.63076,0.63085,0.0,0,1743070021029,130,0.0
1743070043,0.63075,0.63084,0.0,0,1743070043770,134,0.0
1743070043,0.63074,0.63083,0.0,0,1743070043914,134,0.0
1743070045,0.63075,0.63084,0.0,0,1743070045603,134,0.0
1743070045,0.63076,0.63085,0.0,0,1743070045608,134,0.0
1743070046,0.63078,0.63087,0.0,0,1743070046484,134,0.0
1743070047,0.63079,0.63088,0.0,0,1743070047472,134,0.0
1743070047,0.63081,0.6309,0.0,0,1743070047854,134,0.0
1743070048,0.63082,0.63091,0.0,0,1743070048724,134,0.0
1743070049,0.63083,0.63092,0.0,0,1743070049928,134,0.0
1743070051,0.63084,0.63093,0.0,0,1743070051083,134,0.0
1743070055,0.63085,0.63094,0.0,0,1743070055221,134,0.0
1743070059,0.63086,0.63095,0.0,0,1743070059412,134,0.0
1743070059,0.63088,0.63097,0.0,0,1743070059483,134,0.0
1743070061,0.63087,0.63096,0.0,0,1743070061750,134,0.0
1743070067,0.63088,0.63097,0.0,0,1743070067519,134,0.0
1743070067,0.63089,0.63098,0.0,0,1743070067646,134,0.0
1743070076,0.63088,0.63097,0.0,0,1743070076987,134,0.0
1743070080,0.63088,0.63097,0.0,0,1743070080913,130,0.0
1743070086,0.63086,0.63095,0.0,0,1743070086123,134,0.0
1743070086,0.63085,0.63094,0.0,0,1743070086143,134,0.0
1743070086,0.63083,0.63092,0.0,0,1743070086193,134,0.0
1743070086,0.63082,0.63091,0.0,0,1743070086249,134,0.0
1743070091,0.63084,0.63093,0.0,0,1743070091082,134,0.0
1743070092,0.63085,0.63094,0.0,0,1743070092506,134,0.0
1743070100,0.63084,0.63093,0.0,0,1743070100369,134,0.0
1743070103,0.63083,0.63092,0.0,0,1743070103537,134,0.0
1743070110,0.63084,0.63093,0.0,0,1743070110793,134,0.0
1743070113,0.63083,0.63092,0.0,0,1743070113905,134,0.0
1743070114,0.63081,0.6309,0.0,0,1743070114005,134,0.0
1743070116,0.63082,0.63091,0.0,0,1743070116784,134,0.0
1743070117,0.63083,0.63092,0.0,0,1743070117832,134,0.0
1743070120,0.63082,0.63091,0.0,0,1743070120323,134,0.0
1743070122,0.63083,0.63092,0.0,0,1743070122357,134,0.0
1743070125,0.63081,0.6309,0.0,0,1743070125078,134,0.0
1743070129,0.63079,0.63088,0.0,0,1743070129600,134,0.0
1743070135,0.63078,0.63087,0.0,0,1743070135912,134,0.0
1743070136,0.63077,0.63086,0.0,0,1743070136990,134,0.0
1743070138,0.63076,0.63085,0.0,0,1743070138261,134,0.0
1743070139,0.63075,0.63084,0.0,0,1743070139268,134,0.0
1743070140,0.63076,0.63085,0.0,0,1743070140314,134,0.0
1743070140,0.63077,0.63086,0.0,0,1743070140660,134,0.0
1743070145,0.63078,0.63087,0.0,0,1743070145856,134,0.0
1743070152,0.63079,0.63088,0.0,0,1743070152398,134,0.0
1743070152,0.63081,0.6309,0.0,0,1743070152426,134,0.0
1743070152,0.63082,0.63091,0.0,0,1743070152437,134,0.0
1743070152,0.63083,0.63092,0.0,0,1743070152512,134,0.0
1743070163,0.63084,0.63093,0.0,0,1743070163745,134,0.0
1743070167,0.63083,0.63092,0.0,0,1743070167403,134,0.0
1743070167,0.63081,0.6309,0.0,0,1743070167954,134,0.0
1743070175,0.6308,0.63089,0.0,0,1743070175036,134,0.0
1743070175,0.63079,0.63088,0.0,0,1743070175084,134,0.0
1743070178,0.63078,0.63087,0.0,0,1743070178088,134,0.0
1743070189,0.63077,0.63086,0.0,0,1743070189589,134,0.0
1743070193,0.63079,0.63088,0.0,0,1743070193277,134,0.0
1743070197,0.63078,0.63087,0.0,0,1743070197566,134,0.0
1743070200,0.63078,0.63087,0.0,0,1743070200807,130,0.0
1743070201,0.63079,0.63088,0.0,0,1743070201829,134,0.0
1743070204,0.63078,0.63087,0.0,0,1743070204168,134,0.0
1743070204,0.63077,0.63086,0.0,0,1743070204627,134,0.0
1743070204,0.63075,0.63084,0.0,0,1743070204690,134,0.0
1743070204,0.63074,0.63083,0.0,0,1743070204812,134,0.0
1743070204,0.63072,0.63081,0.0,0,1743070204903,134,0.0
1743070205,0.63071,0.6308,0.0,0,1743070205975,134,0.0
1743070207,0.63072,0.63081,0.0,0,1743070207045,134,0.0
1743070209,0.63071,0.6308,0.0,0,1743070209286,134,0.0
1743070214,0.63069,0.63078,0.0,0,1743070214173,134,0.0
1743070215,0.6307,0.63079,0.0,0,1743070215178,134,0.0
1743070218,0.63069,0.63078,0.0,0,1743070218918,134,0.0
1743070220,0.63068,0.63077,0.0,0,1743070220410,134,0.0
1743070222,0.63069,0.63078,0.0,0,1743070222231,134,0.0
1743070225,0.6307,0.63079,0.0,0,1743070225038,134,0.0
1743070226,0.63069,0.63078,0.0,0,1743070226351,134,0.0
1743070226,0.63068,0.63077,0.0,0,1743070226513,134,0.0
1743070227,0.63067,0.63076,0.0,0,1743070227532,134,0.0
1743070234,0.63066,0.63075,0.0,0,1743070234085,134,0.0
1743070235,0.63067,0.63076,0.0,0,1743070235089,134,0.0
1743070236,0.63066,0.63075,0.0,0,1743070236148,134,0.0
1743070237,0.63067,0.63076,0.0,0,1743070237176,134,0.0
1743070242,0.63065,0.63074,0.0,0,1743070242003,134,0.0
1743070242,0.63064,0.63073,0.0,0,1743070242085,134,0.0
1743070242,0.63063,0.63072,0.0,0,1743070242203,134,0.0
1743070243,0.63061,0.6307,0.0,0,1743070243210,134,0.0
1743070244,0.63062,0.63071,0.0,0,1743070244300,134,0.0
1743070245,0.63063,0.63072,0.0,0,1743070245625,134,0.0
1743070252,0.63061,0.6307,0.0,0,1743070252431,134,0.0
1743070254,0.63062,0.63071,0.0,0,1743070254180,134,0.0
1743070260,0.63061,0.6307,0.0,0,1743070260897,134,0.0
1743070263,0.63063,0.63072,0.0,0,1743070263188,134,0.0
1743070264,0.63062,0.63071,0.0,0,1743070264429,134,0.0
1743070265,0.63063,0.63072,0.0,0,1743070265883,134,0.0
1743070274,0.63062,0.63071,0.0,0,1743070274398,134,0.0
1743070275,0.63063,0.63072,0.0,0,1743070275428,134,0.0
1743070284,0.63062,0.63071,0.0,0,1743070284687,134,0.0
1743070293,0.63063,0.63072,0.0,0,1743070293442,134,0.0
1743070294,0.63062,0.63071,0.0,0,1743070294964,134,0.0
1743070297,0.63063,0.63072,0.0,0,1743070297243,134,0.0
1743070301,0.63062,0.63071,0.0,0,1743070301033,134,0.0
1743070302,0.63063,0.63072,0.0,0,1743070302461,134,0.0
1743070303,0.63064,0.63073,0.0,0,1743070303762,134,0.0
1743070304,0.63065,0.63074,0.0,0,1743070304781,134,0.0
1743070308,0.63064,0.63073,0.0,0,1743070308722,134,0.0
1743070309,0.63065,0.63074,0.0,0,1743070309879,134,0.0
1743070312,0.63064,0.63073,0.0,0,1743070312255,134,0.0
1743070317,0.63063,0.63072,0.0,0,1743070317456,134,0.0
1743070320,0.63064,0.63073,0.0,0,1743070320101,134,0.0
1743070321,0.63063,0.63072,0.0,0,1743070321273,134,0.0
1743070322,0.63064,0.63073,0.0,0,1743070322286,134,0.0
1743070323,0.63063,0.63072,0.0,0,1743070323293,134,0.0
1743070329,0.63065,0.63074,0.0,0,1743070329756,134,0.0
1743070329,0.63066,0.63075,0.0,0,1743070329834,134,0.0
1743070331,0.63068,0.63077,0.0,0,1743070331841,134,0.0
1743070337,0.63069,0.63078,0.0,0,1743070337763,134,0.0
1743070345,0.63068,0.63077,0.0,0,1743070345554,134,0.0
1743070346,0.63067,0.63076,0.0,0,1743070346674,134,0.0
1743070352,0.63066,0.63075,0.0,0,1743070352403,134,0.0
1743070355,0.63067,0.63076,0.0,0,1743070355887,134,0.0
1743070360,0.63068,0.63077,0.0,0,1743070360772,134,0.0
1743070365,0.63067,0.63076,0.0,0,1743070365030,134,0.0
1743070366,0.63066,0.63075,0.0,0,1743070366955,134,0.0
1743070368,0.63067,0.63076,0.0,0,1743070368161,134,0.0
1743070371,0.63068,0.63077,0.0,0,1743070371540,134,0.0
1743070378,0.63067,0.63076,0.0,0,1743070378044,134,0.0
1743070380,0.63067,0.63076,0.0,0,1743070380131,130,0.0
1743070380,0.63066,0.63075,0.0,0,1743070380377,134,0.0
1743070380,0.63065,0.63074,0.0,0,1743070380395,134,0.0
1743070381,0.63064,0.63073,0.0,0,1743070381558,134,0.0
1743070384,0.63063,0.63072,0.0,0,1743070384523,134,0.0
1743070385,0.63062,0.63071,0.0,0,1743070385527,134,0.0
1743070396,0.63061,0.6307,0.0,0,1743070396506,134,0.0
1743070401,0.6306,0.63069,0.0,0,1743070401421,134,0.0
1743070403,0.63061,0.6307,0.0,0,1743070403600,134,0.0
1743070414,0.63059,0.63068,0.0,0,1743070414502,134,0.0
1743070414,0.63057,0.63066,0.0,0,1743070414585,134,0.0
1743070415,0.63056,0.63065,0.0,0,1743070415757,134,0.0
1743070421,0.63057,0.63066,0.0,0,1743070421102,134,0.0
1743070423,0.63056,0.63065,0.0,0,1743070423716,134,0.0
1743070424,0.63055,0.63064,0.0,0,1743070424566,134,0.0
1743070424,0.63053,0.63062,0.0,0,1743070424577,134,0.0
1743070425,0.63052,0.63061,0.0,0,1743070425959,134,0.0
1743070427,0.63051,0.6306,0.0,0,1743070427127,134,0.0
1743070434,0.63052,0.63061,0.0,0,1743070434656,134,0.0
1743070437,0.63053,0.63062,0.0,0,1743070437502,134,0.0
1743070441,0.63053,0.63062,0.0,0,1743070441143,130,0.0
1743070441,0.63054,0.63063,0.0,0,1743070441188,134,0.0
1743070442,0.63055,0.63064,0.0,0,1743070442268,134,0.0
1743070444,0.63054,0.63063,0.0,0,1743070444418,134,0.0
1743070447,0.63055,0.63064,0.0,0,1743070447233,134,0.0
1743070449,0.63054,0.63063,0.0,0,1743070449124,134,0.0
1743070455,0.63052,0.63061,0.0,0,1743070455829,134,0.0
1743070461,0.63054,0.63063,0.0,0,1743070461334,134,0.0
1743070462,0.63055,0.63064,0.0,0,1743070462364,134,0.0
1743070468,0.63056,0.63065,0.0,0,1743070468367,134,0.0
1743070471,0.63057,0.63066,0.0,0,1743070471312,134,0.0
1743070472,0.63058,0.63067,0.0,0,1743070472385,134,0.0
1743070472,0.6306,0.63069,0.0,0,1743070472396,134,0.0
1743070473,0.63061,0.6307,0.0,0,1743070473578,134,0.0
1743070473,0.63062,0.63071,0.0,0,1743070473948,134,0.0
1743070473,0.63063,0.63072,0.0,0,1743070473988,134,0.0
1743070474,0.63065,0.63074,0.0,0,1743070474813,134,0.0
1743070475,0.63066,0.63075,0.0,0,1743070475954,134,0.0
1743070487,0.63065,0.63074,0.0,0,1743070487818,134,0.0
1743070489,0.63066,0.63075,0.0,0,1743070489026,134,0.0
1743070490,0.63064,0.63073,0.0,0,1743070490707,134,0.0
1743070490,0.63063,0.63072,0.0,0,1743070490784,134,0.0
1743070492,0.63062,0.63071,0.0,0,1743070492212,134,0.0
1743070495,0.63061,0.6307,0.0,0,1743070495184,134,0.0
1743070500,0.63061,0.6307,0.0,0,1743070500246,130,0.0
1743070502,0.6306,0.63069,0.0,0,1743070502393,134,0.0
1743070503,0.63059,0.63068,0.0,0,1743070503462,134,0.0
1743070503,0.63058,0.63067,0.0,0,1743070503832,134,0.0
1743070506,0.63057,0.63066,0.0,0,1743070506150,134,0.0
1743070510,0.63058,0.63067,0.0,0,1743070510032,134,0.0
1743070511,0.63057,0.63066,0.0,0,1743070511639,134,0.0
1743070513,0.63058,0.63067,0.0,0,1743070513453,134,0.0
1743070514,0.63057,0.63066,0.0,0,1743070514509,134,0.0
1743070515,0.63058,0.63067,0.0,0,1743070515736,134,0.0
1743070516,0.63057,0.63066,0.0,0,1743070516745,134,0.0
1743070522,0.63056,0.63065,0.0,0,1743070522449,134,0.0
1743070524,0.63058,0.63067,0.0,0,1743070524630,134,0.0
1743070525,0.63056,0.63065,0.0,0,1743070525393,134,0.0
1743070526,0.63054,0.63063,0.0,0,1743070526997,134,0.0
1743070528,0.63053,0.63062,0.0,0,1743070528177,134,0.0
1743070531,0.63052,0.63061,0.0,0,1743070531378,134,0.0
1743070538,0.63053,0.63062,0.0,0,1743070538665,134,0.0
1743070558,0.63052,0.63061,0.0,0,1743070558254,134,0.0
1743070560,0.63052,0.63061,0.0,0,1743070560290,130,0.0
1743070561,0.63051,0.6306,0.0,0,1743070561483,134,0.0
1743070562,0.63052,0.63061,0.0,0,1743070562569,134,0.0
1743070569,0.63053,0.63062,0.0,0,1743070569231,134,0.0
1743070576,0.63055,0.63064,0.0,0,1743070576886,134,0.0
1743070577,0.63056,0.63065,0.0,0,1743070577918,134,0.0
1743070583,0.63054,0.63063,0.0,0,1743070583591,134,0.0
1743070587,0.63055,0.63064,0.0,0,1743070587920,134,0.0
1743070588,0.63054,0.63063,0.0,0,1743070588699,134,0.0
1743070594,0.63052,0.63061,0.0,0,1743070594746,134,0.0
1743070594,0.63051,0.6306,0.0,0,1743070594817,134,0.0
1743070595,0.6305,0.63059,0.0,0,1743070595218,134,0.0
1743070596,0.63049,0.63058,0.0,0,1743070596651,134,0.0
1743070605,0.63047,0.63056,0.0,0,1743070605658,134,0.0
1743070605,0.63046,0.63055,0.0,0,1743070605687,134,0.0
1743070606,0.63045,0.63054,0.0,0,1743070606559,134,0.0
1743070608,0.63044,0.63053,0.0,0,1743070608056,134,0.0
1743070609,0.63045,0.63054,0.0,0,1743070609060,134,0.0
1743070610,0.63044,0.63053,0.0,0,1743070610076,134,0.0
1743070616,0.63046,0.63055,0.0,0,1743070616202,134,0.0
1743070617,0.63045,0.63054,0.0,0,1743070617266,134,0.0
1743070620,0.63045,0.63054,0.0,0,1743070620262,130,0.0
1743070637,0.63044,0.63053,0.0,0,1743070637387,134,0.0
1743070637,0.63043,0.63052,0.0,0,1743070637851,134,0.0
1743070641,0.63042,0.63051,0.0,0,1743070641790,134,0.0
1743070642,0.63041,0.6305,0.0,0,1743070642794,134,0.0
1743070651,0.6304,0.63049,0.0,0,1743070651150,134,0.0
1743070655,0.63041,0.6305,0.0,0,1743070655718,134,0.0
1743070657,0.63042,0.63051,0.0,0,1743070657161,134,0.0
1743070660,0.63041,0.6305,0.0,0,1743070660205,134,0.0
1743070661,0.6304,0.63049,0.0,0,1743070661204,134,0.0
1743070662,0.63039,0.63048,0.0,0,1743070662363,134,0.0
1743070665,0.63037,0.63046,0.0,0,1743070665646,134,0.0
1743070666,0.63036,0.63045,0.0,0,1743070666684,134,0.0
1743070669,0.63035,0.63044,0.0,0,1743070669710,134,0.0
1743070670,0.63036,0.63045,0.0,0,1743070670785,134,0.0
1743070672,0.63037,0.63046,0.0,0,1743070672678,134,0.0
1743070676,0.63036,0.63045,0.0,0,1743070676306,134,0.0
1743070677,0.63037,0.63046,0.0,0,1743070677324,134,0.0
1743070679,0.63036,0.63045,0.0,0,1743070679441,134,0.0
1743070680,0.63036,0.63045,0.0,0,1743070680577,130,0.0
1743070682,0.63037,0.63046,0.0,0,1743070682652,134,0.0
1743070685,0.63036,0.63045,0.0,0,1743070685849,134,0.0
1743070685,0.63035,0.63044,0.0,0,1743070685951,134,0.0
1743070686,0.63034,0.63043,0.0,0,1743070686728,134,0.0
1743070688,0.63032,0.63041,0.0,0,1743070688563,134,0.0
1743070692,0.63033,0.63042,0.0,0,1743070692298,134,0.0
1743070694,0.63032,0.63041,0.0,0,1743070694079,134,0.0
1743070696,0.63034,0.63043,0.0,0,1743070696874,134,0.0
1743070697,0.63033,0.63042,0.0,0,1743070697928,134,0.0
1743070705,0.63034,0.63043,0.0,0,1743070705625,134,0.0
1743070708,0.63033,0.63042,0.0,0,1743070708043,134,0.0
1743070710,0.63032,0.63041,0.0,0,1743070710738,134,0.0
1743070711,0.63033,0.63042,0.0,0,1743070711970,134,0.0
1743070716,0.63034,0.63043,0.0,0,1743070716602,134,0.0
1743070718,0.63033,0.63042,0.0,0,1743070718171,134,0.0
1743070719,0.63034,0.63043,0.0,0,1743070719099,134,0.0
1743070719,0.63036,0.63045,0.0,0,1743070719151,134,0.0
1743070719,0.63037,0.63046,0.0,0,1743070719319,134,0.0
1743070731,0.63036,0.63045,0.0,0,1743070731164,134,0.0
1743070740,0.63036,0.63045,0.0,0,1743070740099,130,0.0
1743070741,0.63037,0.63046,0.0,0,1743070741186,134,0.0
1743070748,0.63036,0.63045,0.0,0,1743070748352,134,0.0
1743070751,0.63035,0.63044,0.0,0,1743070751708,134,0.0
1743070757,0.63036,0.63045,0.0,0,1743070757988,134,0.0
1743070758,0.63038,0.63047,0.0,0,1743070758014,134,0.0
1743070759,0.63039,0.63048,0.0,0,1743070759084,134,0.0
1743070760,0.63038,0.63047,0.0,0,1743070760207,134,0.0
1743070761,0.63039,0.63048,0.0,0,1743070761010,134,0.0
1743070765,0.6304,0.63049,0.0,0,1743070765253,134,0.0
1743070766,0.63041,0.6305,0.0,0,1743070766256,134,0.0
1743070767,0.63042,0.63051,0.0,0,1743070767257,134,0.0
1743070767,0.63043,0.63052,0.0,0,1743070767319,134,0.0
1743070769,0.63044,0.63053,0.0,0,1743070769024,134,0.0
1743070772,0.63045,0.63054,0.0,0,1743070772408,134,0.0
1743070773,0.63044,0.63053,0.0,0,1743070773791,134,0.0
1743070774,0.63043,0.63052,0.0,0,1743070774034,134,0.0
1743070774,0.63041,0.6305,0.0,0,1743070774070,134,0.0
1743070783,0.6304,0.63049,0.0,0,1743070783696,134,0.0
1743070789,0.63041,0.6305,0.0,0,1743070789602,134,0.0
1743070790,0.6304,0.63049,0.0,0,1743070790608,134,0.0
1743070794,0.63041,0.6305,0.0,0,1743070794875,134,0.0
1743070796,0.63042,0.63051,0.0,0,1743070796268,134,0.0
1743070798,0.63043,0.63052,0.0,0,1743070798711,134,0.0
1743070799,0.63042,0.63051,0.0,0,1743070799560,134,0.0
1743070800,0.63041,0.6305,0.0,0,1743070800155,134,0.0
1743070800,0.63039,0.63048,0.0,0,1743070800251,134,0.0
1743070800,0.63037,0.63046,0.0,0,1743070800916,134,0.0
1743070806,0.63036,0.63045,0.0,0,1743070806824,134,0.0
1743070808,0.63037,0.63046,0.0,0,1743070808489,134,0.0
1743070814,0.63036,0.63045,0.0,0,1743070814274,134,0.0
1743070820,0.63037,0.63046,0.0,0,1743070820832,134,0.0
1743070828,0.63036,0.63045,0.0,0,1743070828135,134,0.0
1743070829,0.63035,0.63044,0.0,0,1743070829603,134,0.0
1743070830,0.63036,0.63045,0.0,0,1743070830813,134,0.0
1743070834,0.63035,0.63044,0.0,0,1743070834794,134,0.0
1743070842,0.63034,0.63043,0.0,0,1743070842302,134,0.0
1743070843,0.63035,0.63044,0.0,0,1743070843309,134,0.0
1743070847,0.63036,0.63045,0.0,0,1743070847566,134,0.0
1743070848,0.63037,0.63046,0.0,0,1743070848217,134,0.0
1743070848,0.63038,0.63047,0.0,0,1743070848232,134,0.0
1743070848,0.6304,0.63049,0.0,0,1743070848308,134,0.0
1743070858,0.63041,0.6305,0.0,0,1743070858994,134,0.0
1743070860,0.63041,0.6305,0.0,0,1743070860084,130,0.0
1743070863,0.6304,0.63049,0.0,0,1743070863885,134,0.0
1743070865,0.63041,0.6305,0.0,0,1743070865619,134,0.0
1743070875,0.6304,0.63049,0.0,0,1743070875631,134,0.0
1743070876,0.63041,0.6305,0.0,0,1743070876643,134,0.0
1743070880,0.63042,0.63051,0.0,0,1743070880965,134,0.0
1743070882,0.63043,0.63052,0.0,0,1743070882263,134,0.0
1743070884,0.63044,0.63053,0.0,0,1743070884851,134,0.0
1743070887,0.63045,0.63054,0.0,0,1743070887644,134,0.0
1743070887,0.63046,0.63055,0.0,0,1743070887725,134,0.0
1743070889,0.63047,0.63056,0.0,0,1743070889193,134,0.0
1743070898,0.63046,0.63055,0.0,0,1743070898964,134,0.0
1743070898,0.63044,0.63053,0.0,0,1743070898991,134,0.0
1743070899,0.63043,0.63052,0.0,0,1743070899022,134,0.0
1743070900,0.63042,0.63051,0.0,0,1743070900118,134,0.0
1743070908,0.63043,0.63052,0.0,0,1743070908198,134,0.0
1743070910,0.63042,0.63051,0.0,0,1743070910726,134,0.0
1743070912,0.63041,0.6305,0.0,0,1743070912827,134,0.0
1743070915,0.6304,0.63049,0.0,0,1743070915283,134,0.0
1743070915,0.63039,0.63048,0.0,0,1743070915300,134,0.0
1743070915,0.63037,0.63046,0.0,0,1743070915332,134,0.0
1743070917,0.63038,0.63047,0.0,0,1743070917035,134,0.0
1743070920,0.63038,0.63047,0.0,0,1743070920605,130,0.0
1743070922,0.63037,0.63046,0.0,0,1743070922933,134,0.0
1743070925,0.63038,0.63047,0.0,0,1743070925076,134,0.0
1743070926,0.63037,0.63046,0.0,0,1743070926456,134,0.0
1743070927,0.63036,0.63045,0.0,0,1743070927213,134,0.0
1743070930,0.63037,0.63046,0.0,0,1743070930492,134,0.0
1743070933,0.63038,0.63047,0.0,0,1743070933798,134,0.0
1743070940,0.63037,0.63046,0.0,0,1743070940184,134,0.0
1743070940,0.63039,0.63048,0.0,0,1743070940215,134,0.0
1743070940,0.6304,0.63049,0.0,0,1743070940312,134,0.0
1743070942,0.63041,0.6305,0.0,0,1743070942789,134,0.0
1743070945,0.63042,0.63051,0.0,0,1743070945974,134,0.0
1743070948,0.63041,0.6305,0.0,0,1743070948334,134,0.0
1743070954,0.6304,0.63049,0.0,0,1743070954993,134,0.0
1743070955,0.63038,0.63047,0.0,0,1743070955731,134,0.0
1743070955,0.63037,0.63046,0.0,0,1743070955818,134,0.0
1743070955,0.63036,0.63045,0.0,0,1743070955977,134,0.0
1743070956,0.63034,0.63043,0.0,0,1743070956019,134,0.0
1743070958,0.63035,0.63044,0.0,0,1743070958457,134,0.0
1743070959,0.63036,0.63045,0.0,0,1743070959473,134,0.0
1743070962,0.63035,0.63044,0.0,0,1743070962289,134,0.0
1743070964,0.63034,0.63043,0.0,0,1743070964793,134,0.0
1743070965,0.63036,0.63045,0.0,0,1743070965465,134,0.0
1743070966,0.63038,0.63047,0.0,0,1743070966853,134,0.0
1743070966,0.63039,0.63048,0.0,0,1743070966878,134,0.0
1743070967,0.6304,0.63049,0.0,0,1743070967958,134,0.0
1743070970,0.63039,0.63048,0.0,0,1743070970182,134,0.0
1743070972,0.63041,0.6305,0.0,0,1743070972277,134,0.0
1743070976,0.6304,0.63049,0.0,0,1743070976155,134,0.0
1743070978,0.63039,0.63048,0.0,0,1743070978838,134,0.0
1743070980,0.63039,0.63048,0.0,0,1743070980280,130,0.0
1743070981,0.6304,0.63049,0.0,0,1743070981283,134,0.0
1743070982,0.63041,0.6305,0.0,0,1743070982509,134,0.0
1743070984,0.63042,0.63051,0.0,0,1743070984341,134,0.0
1743070985,0.63044,0.63053,0.0,0,1743070985345,134,0.0
1743070985,0.63045,0.63054,0.0,0,1743070985905,134,0.0
1743070987,0.63046,0.63055,0.0,0,1743070987104,134,0.0
1743070992,0.63047,0.63056,0.0,0,1743070992088,134,0.0
1743070992,0.63048,0.63057,0.0,0,1743070992188,134,0.0
1743070993,0.63049,0.63058,0.0,0,1743070993010,134,0.0
1743070994,0.6305,0.63059,0.0,0,1743070994175,134,0.0
1743070995,0.63051,0.6306,0.0,0,1743070995921,134,0.0
1743070995,0.6305,0.63059,0.0,0,1743070995947,134,0.0
1743070997,0.63049,0.63058,0.0,0,1743070997343,134,0.0
1743071003,0.63051,0.6306,0.0,0,1743071003772,134,0.0
1743071005,0.63052,0.63061,0.0,0,1743071005090,134,0.0
1743071007,0.63053,0.63062,0.0,0,1743071007428,134,0.0
1743071007,0.63055,0.63064,0.0,0,1743071007617,134,0.0
1743071015,0.63054,0.63063,0.0,0,1743071015196,134,0.0
1743071016,0.63053,0.63062,0.0,0,1743071016589,134,0.0
1743071022,0.63052,0.63061,0.0,0,1743071022832,134,0.0
1743071025,0.63053,0.63062,0.0,0,1743071025406,134,0.0
1743071026,0.63052,0.63061,0.0,0,1743071026855,134,0.0
1743071028,0.63053,0.63062,0.0,0,1743071028307,134,0.0
1743071028,0.63052,0.63061,0.0,0,1743071028945,134,0.0
1743071028,0.6305,0.63059,0.0,0,1743071028968,134,0.0
1743071030,0.63049,0.63058,0.0,0,1743071030384,134,0.0
1743071033,0.6305,0.63059,0.0,0,1743071033173,134,0.0
1743071033,0.63051,0.6306,0.0,0,1743071033433,134,0.0
1743071034,0.63053,0.63062,0.0,0,1743071034491,134,0.0
1743071040,0.63053,0.63062,0.0,0,1743071040081,130,0.0
1743071046,0.63054,0.63063,0.0,0,1743071046904,134,0.0
1743071052,0.63056,0.63065,0.0,0,1743071052319,134,0.0
1743071058,0.63055,0.63064,0.0,0,1743071058022,134,0.0
1743071058,0.63057,0.63066,0.0,0,1743071058510,134,0.0
1743071060,0.63058,0.63067,0.0,0,1743071060905,134,0.0
1743071061,0.6306,0.63069,0.0,0,1743071061398,134,0.0
1743071062,0.63062,0.63071,0.0,0,1743071062922,134,0.0
1743071064,0.63064,0.63073,0.0,0,1743071064998,134,0.0
1743071067,0.63063,0.63072,0.0,0,1743071067259,134,0.0
1743071068,0.63062,0.63071,0.0,0,1743071068328,134,0.0
1743071085,0.63064,0.63073,0.0,0,1743071085408,134,0.0
1743071086,0.63065,0.63074,0.0,0,1743071086432,134,0.0
1743071087,0.63064,0.63073,0.0,0,1743071087573,134,0.0
1743071089,0.63063,0.63072,0.0,0,1743071089161,134,0.0
1743071090,0.63064,0.63073,0.0,0,1743071090167,134,0.0
1743071093,0.63063,0.63072,0.0,0,1743071093451,134,0.0
1743071097,0.63062,0.63071,0.0,0,1743071097587,134,0.0
1743071100,0.63061,0.6307,0.0,0,1743071100618,134,0.0
1743071100,0.63059,0.63068,0.0,0,1743071100729,134,0.0
1743071100,0.63058,0.63067,0.0,0,1743071100932,134,0.0
1743071102,0.63057,0.63066,0.0,0,1743071102531,134,0.0
1743071104,0.63058,0.63067,0.0,0,1743071104135,134,0.0
1743071129,0.63057,0.63066,0.0,0,1743071129330,134,0.0
1743071131,0.63059,0.63068,0.0,0,1743071131383,134,0.0
1743071133,0.63058,0.63067,0.0,0,1743071133834,134,0.0
1743071136,0.6306,0.63069,0.0,0,1743071136848,134,0.0
1743071140,0.63061,0.6307,0.0,0,1743071140235,134,0.0
1743071140,0.63059,0.63068,0.0,0,1743071140399,134,0.0
1743071142,0.63058,0.63067,0.0,0,1743071142472,134,0.0
1743071148,0.63059,0.63068,0.0,0,1743071148213,134,0.0
1743071149,0.6306,0.63069,0.0,0,1743071149231,134,0.0
1743071150,0.63059,0.63068,0.0,0,1743071150938,134,0.0
1743071160,0.63058,0.63067,0.0,0,1743071160430,134,0.0
1743071163,0.6306,0.63069,0.0,0,1743071163616,134,0.0
1743071167,0.63059,0.63068,0.0,0,1743071167250,134,0.0
1743071169,0.6306,0.63069,0.0,0,1743071169837,134,0.0
1743071170,0.63059,0.63068,0.0,0,1743071170988,134,0.0
1743071180,0.6306,0.63069,0.0,0,1743071180543,134,0.0
1743071187,0.63059,0.63068,0.0,0,1743071187181,134,0.0
1743071188,0.63058,0.63067,0.0,0,1743071188183,134,0.0
1743071190,0.63059,0.63068,0.0,0,1743071190230,134,0.0
1743071209,0.63058,0.63067,0.0,0,1743071209575,134,0.0
1743071215,0.63057,0.63066,0.0,0,1743071215011,134,0.0
1743071217,0.63058,0.63067,0.0,0,1743071217303,134,0.0
1743071220,0.63058,0.63067,0.0,0,1743071220409,130,0.0
1743071222,0.63057,0.63066,0.0,0,1743071222458,134,0.0
1743071225,0.63056,0.63065,0.0,0,1743071225160,134,0.0
1743071225,0.63054,0.63063,0.0,0,1743071225226,134,0.0
1743071229,0.63053,0.63062,0.0,0,1743071229182,134,0.0
1743071230,0.63054,0.63063,0.0,0,1743071230193,134,0.0
1743071230,0.63056,0.63065,0.0,0,1743071230791,134,0.0
1743071234,0.63057,0.63066,0.0,0,1743071234490,134,0.0
1743071234,0.63059,0.63068,0.0,0,1743071234666,134,0.0
1743071237,0.6306,0.63069,0.0,0,1743071237477,134,0.0
1743071239,0.63058,0.63067,0.0,0,1743071239693,134,0.0
1743071239,0.63057,0.63066,0.0,0,1743071239754,134,0.0
1743071239,0.63055,0.63064,0.0,0,1743071239863,134,0.0
1743071242,0.63054,0.63063,0.0,0,1743071242482,134,0.0
1743071243,0.63055,0.63064,0.0,0,1743071243532,134,0.0
1743071244,0.63054,0.63063,0.0,0,1743071244797,134,0.0
1743071246,0.63053,0.63062,0.0,0,1743071246887,134,0.0
1743071252,0.63054,0.63063,0.0,0,1743071252863,134,0.0
1743071257,0.63053,0.63062,0.0,0,1743071257434,134,0.0
1743071267,0.63052,0.63061,0.0,0,1743071267338,134,0.0
1743071275,0.63053,0.63062,0.0,0,1743071275588,134,0.0
1743071279,0.63051,0.6306,0.0,0,1743071279766,134,0.0
1743071279,0.6305,0.63059,0.0,0,1743071279781,134,0.0
1743071280,0.63048,0.63057,0.0,0,1743071280028,134,0.0
1743071285,0.63049,0.63058,0.0,0,1743071285122,134,0.0
1743071289,0.6305,0.63059,0.0,0,1743071289604,134,0.0
1743071306,0.63049,0.63058,0.0,0,1743071306233,134,0.0
1743071317,0.63048,0.63057,0.0,0,1743071317004,134,0.0
1743071325,0.63047,0.63056,0.0,0,1743071325273,134,0.0
1743071325,0.63045,0.63054,0.0,0,1743071325503,134,0.0
1743071325,0.63044,0.63053,0.0,0,1743071325866,134,0.0
1743071328,0.63045,0.63054,0.0,0,1743071328173,134,0.0
1743071337,0.63047,0.63056,0.0,0,1743071337944,134,0.0
1743071339,0.63046,0.63055,0.0,0,1743071339004,134,0.0
1743071340,0.63046,0.63055,0.0,0,1743071340047,130,0.0
1743071344,0.63045,0.63054,0.0,0,1743071344297,134,0.0
1743071345,0.63044,0.63053,0.0,0,1743071345036,134,0.0
1743071356,0.63043,0.63052,0.0,0,1743071356236,134,0.0
1743071359,0.63042,0.63051,0.0,0,1743071359966,134,0.0
1743071360,0.6304,0.63049,0.0,0,1743071360090,134,0.0
1743071364,0.63039,0.63048,0.0,0,1743071364520,134,0.0
1743071369,0.63038,0.63047,0.0,0,1743071369602,134,0.0
1743071383,0.63039,0.63048,0.0,0,1743071383849,134,0.0
1743071383,0.6304,0.63049,0.0,0,1743071383872,134,0.0
1743071383,0.63042,0.63051,0.0,0,1743071383954,134,0.0
1743071395,0.63043,0.63052,0.0,0,1743071395527,134,0.0
1743071400,0.63043,0.63052,0.0,0,1743071400121,130,0.0
1743071408,0.63042,0.63051,0.0,0,1743071408984,134,0.0
1743071411,0.63043,0.63052,0.0,0,1743071411186,134,0.0
1743071416,0.63045,0.63054,0.0,0,1743071416717,134,0.0
1743071417,0.63043,0.63052,0.0,0,1743071417002,134,0.0
1743071427,0.63044,0.63053,0.0,0,1743071427023,134,0.0
1743071429,0.63043,0.63052,0.0,0,1743071429376,134,0.0
1743071432,0.63044,0.63053,0.0,0,1743071432936,134,0.0
1743071434,0.63045,0.63054,0.0,0,1743071434023,134,0.0
1743071437,0.63044,0.63053,0.0,0,1743071437993,134,0.0
1743071444,0.63045,0.63054,0.0,0,1743071444400,134,0.0
1743071444,0.63046,0.63055,0.0,0,1743071444434,134,0.0
1743071445,0.63048,0.63057,0.0,0,1743071445229,134,0.0
1743071447,0.63047,0.63056,0.0,0,1743071447541,134,0.0
1743071453,0.63048,0.63057,0.0,0,1743071453086,134,0.0
1743071454,0.63047,0.63056,0.0,0,1743071454653,134,0.0
1743071455,0.63046,0.63055,0.0,0,1743071455901,134,0.0
1743071456,0.63045,0.63054,0.0,0,1743071456123,134,0.0
1743071457,0.63046,0.63055,0.0,0,1743071457138,134,0.0
1743071458,0.63047,0.63056,0.0,0,1743071458492,134,0.0
1743071460,0.63047,0.63056,0.0,0,1743071460654,130,0.0
1743071463,0.63048,0.63057,0.0,0,1743071463212,134,0.0
1743071463,0.63046,0.63055,0.0,0,1743071463959,134,0.0
1743071464,0.63045,0.63054,0.0,0,1743071464129,134,0.0
1743071464,0.63043,0.63052,0.0,0,1743071464165,134,0.0
1743071465,0.63044,0.63053,0.0,0,1743071465453,134,0.0
1743071465,0.63046,0.63055,0.0,0,1743071465503,134,0.0
1743071466,0.63047,0.63056,0.0,0,1743071466589,134,0.0
1743071468,0.63046,0.63055,0.0,0,1743071468754,134,0.0
1743071470,0.63047,0.63056,0.0,0,1743071470184,134,0.0
1743071473,0.63048,0.63057,0.0,0,1743071473461,134,0.0
1743071475,0.63046,0.63055,0.0,0,1743071475248,134,0.0
1743071476,0.63047,0.63056,0.0,0,1743071476953,134,0.0
1743071478,0.63048,0.63057,0.0,0,1743071478238,134,0.0
1743071482,0.63047,0.63056,0.0,0,1743071482022,134,0.0
1743071488,0.63048,0.63057,0.0,0,1743071488178,134,0.0
1743071489,0.63049,0.63058,0.0,0,1743071489323,134,0.0
1743071490,0.63051,0.6306,0.0,0,1743071490827,134,0.0
1743071491,0.63052,0.63061,0.0,0,1743071491976,134,0.0
1743071493,0.63053,0.63062,0.0,0,1743071493099,134,0.0
1743071502,0.63052,0.63061,0.0,0,1743071502294,134,0.0
1743071504,0.63053,0.63062,0.0,0,1743071504259,134,0.0
1743071505,0.63052,0.63061,0.0,0,1743071505310,134,0.0
1743071506,0.63051,0.6306,0.0,0,1743071506675,134,0.0
1743071507,0.6305,0.63059,0.0,0,1743071507770,134,0.0
1743071508,0.63051,0.6306,0.0,0,1743071508996,134,0.0
1743071511,0.63052,0.63061,0.0,0,1743071511590,134,0.0
1743071512,0.63051,0.6306,0.0,0,1743071512707,134,0.0
1743071515,0.63052,0.63061,0.0,0,1743071515388,134,0.0
1743071518,0.6305,0.63059,0.0,0,1743071518421,134,0.0
1743071519,0.63049,0.63058,0.0,0,1743071519832,134,0.0
1743071520,0.63049,0.63058,0.0,0,1743071520933,130,0.0
1743071524,0.6305,0.63059,0.0,0,1743071524233,134,0.0
1743071525,0.63049,0.63058,0.0,0,1743071525273,134,0.0
1743071529,0.63051,0.6306,0.0,0,1743071529887,134,0.0
1743071530,0.63049,0.63058,0.0,0,1743071530009,134,0.0
1743071531,0.63048,0.63057,0.0,0,1743071531019,134,0.0
1743071533,0.63047,0.63056,0.0,0,1743071533727,134,0.0
1743071537,0.63048,0.63057,0.0,0,1743071537958,134,0.0
1743071542,0.63046,0.63055,0.0,0,1743071542674,134,0.0
1743071543,0.63045,0.63054,0.0,0,1743071543338,134,0.0
1743071544,0.63044,0.63053,0.0,0,1743071544495,134,0.0
1743071546,0.63045,0.63054,0.0,0,1743071546026,134,0.0
1743071554,0.63044,0.63053,0.0,0,1743071554812,134,0.0
1743071556,0.63045,0.63054,0.0,0,1743071556053,134,0.0
1743071560,0.63046,0.63055,0.0,0,1743071560551,134,0.0
1743071560,0.63047,0.63056,0.0,0,1743071560662,134,0.0
1743071564,0.63048,0.63057,0.0,0,1743071564731,134,0.0
1743071571,0.63047,0.63056,0.0,0,1743071571630,134,0.0
1743071572,0.63046,0.63055,0.0,0,1743071572904,134,0.0
1743071574,0.63045,0.63054,0.0,0,1743071574961,134,0.0
1743071578,0.63046,0.63055,0.0,0,1743071578619,134,0.0
1743071580,0.63046,0.63055,0.0,0,1743071580103,130,0.0
1743071580,0.63045,0.63054,0.0,0,1743071580364,134,0.0
1743071581,0.63044,0.63053,0.0,0,1743071581958,134,0.0
1743071584,0.63043,0.63052,0.0,0,1743071584135,134,0.0
1743071584,0.63042,0.63051,0.0,0,1743071584177,134,0.0
1743071585,0.63041,0.6305,0.0,0,1743071585438,134,0.0
1743071586,0.6304,0.63049,0.0,0,1743071586509,134,0.0
1743071598,0.63039,0.63048,0.0,0,1743071598111,134,0.0
1743071599,0.6304,0.63049,0.0,0,1743071599258,134,0.0
1743071604,0.63041,0.6305,0.0,0,1743071604142,134,0.0
1743071607,0.6304,0.63049,0.0,0,1743071607290,134,0.0
1743071609,0.63042,0.63051,0.0,0,1743071609693,134,0.0
1743071613,0.63043,0.63052,0.0,0,1743071613285,134,0.0
1743071616,0.63044,0.63053,0.0,0,1743071616299,134,0.0
1743071616,0.63046,0.63055,0.0,0,1743071616878,134,0.0
1743071618,0.63045,0.63054,0.0,0,1743071618006,134,0.0
1743071619,0.63044,0.63053,0.0,0,1743071619477,134,0.0
1743071622,0.63043,0.63052,0.0,0,1743071622866,134,0.0
1743071623,0.63045,0.63054,0.0,0,1743071623013,134,0.0
1743071623,0.63046,0.63055,0.0,0,1743071623089,134,0.0
1743071624,0.63047,0.63056,0.0,0,1743071624689,134,0.0
1743071634,0.63048,0.63057,0.0,0,1743071634158,134,0.0
1743071637,0.63049,0.63058,0.0,0,1743071637359,134,0.0
1743071640,0.63049,0.63058,0.0,0,1743071640149,130,0.0
1743071644,0.63048,0.63057,0.0,0,1743071644603,134,0.0
1743071651,0.63049,0.63058,0.0,0,1743071651812,134,0.0
1743071656,0.6305,0.63059,0.0,0,1743071656170,134,0.0
1743071661,0.63051,0.6306,0.0,0,1743071661211,134,0.0
1743071662,0.63052,0.63061,0.0,0,1743071662254,134,0.0
1743071667,0.63054,0.63063,0.0,0,1743071667143,134,0.0
1743071667,0.63055,0.63064,0.0,0,1743071667232,134,0.0
1743071670,0.63056,0.63065,0.0,0,1743071670813,134,0.0
1743071672,0.63057,0.63066,0.0,0,1743071672032,134,0.0
1743071691,0.63056,0.63065,0.0,0,1743071691366,134,0.0
1743071692,0.63055,0.63064,0.0,0,1743071692380,134,0.0
1743071694,0.63056,0.63065,0.0,0,1743071694084,134,0.0
1743071695,0.63055,0.63064,0.0,0,1743071695125,134,0.0
1743071697,0.63056,0.63065,0.0,0,1743071697177,134,0.0
1743071698,0.63055,0.63064,0.0,0,1743071698842,134,0.0
1743071700,0.63055,0.63064,0.0,0,1743071700097,130,0.0
1743071702,0.63053,0.63062,0.0,0,1743071702028,134,0.0
1743071702,0.63051,0.6306,0.0,0,1743071702054,134,0.0
1743071702,0.6305,0.63059,0.0,0,1743071702181,134,0.0
1743071703,0.63051,0.6306,0.0,0,1743071703193,134,0.0
1743071704,0.6305,0.63059,0.0,0,1743071704230,134,0.0
1743071705,0.63052,0.63061,0.0,0,1743071705750,134,0.0
1743071705,0.63053,0.63062,0.0,0,1743071705820,134,0.0
1743071707,0.63054,0.63063,0.0,0,1743071707114,134,0.0
1743071710,0.63052,0.63061,0.0,0,1743071710813,134,0.0
1743071712,0.63051,0.6306,0.0,0,1743071712907,134,0.0
1743071715,0.6305,0.63059,0.0,0,1743071715042,134,0.0
1743071716,0.63049,0.63058,0.0,0,1743071716142,134,0.0
1743071738,0.63048,0.63057,0.0,0,1743071738001,134,0.0
1743071742,0.63049,0.63058,0.0,0,1743071742010,134,0.0
1743071749,0.6305,0.63059,0.0,0,1743071749661,134,0.0
1743071759,0.63049,0.63058,0.0,0,1743071759462,134,0.0
1743071760,0.63048,0.63057,0.0,0,1743071760792,134,0.0
1743071773,0.63049,0.63058,0.0,0,1743071773517,134,0.0
1743071775,0.63048,0.63057,0.0,0,1743071775760,134,0.0
1743071776,0.6305,0.63059,0.0,0,1743071776772,134,0.0
1743071777,0.63049,0.63058,0.0,0,1743071777825,134,0.0
1743071781,0.6305,0.63059,0.0,0,1743071781154,134,0.0
1743071783,0.63052,0.63061,0.0,0,1743071783392,134,0.0
1743071784,0.63053,0.63062,0.0,0,1743071784055,134,0.0
1743071789,0.63054,0.63063,0.0,0,1743071789240,134,0.0
1743071789,0.63055,0.63064,0.0,0,1743071789487,134,0.0
1743071795,0.63056,0.63065,0.0,0,1743071795699,134,0.0
1743071796,0.63057,0.63066,0.0,0,1743071796713,134,0.0
1743071803,0.63056,0.63065,0.0,0,1743071803299,134,0.0
1743071807,0.63055,0.63064,0.0,0,1743071807388,134,0.0
1743071810,0.63056,0.63065,0.0,0,1743071810632,134,0.0
1743071811,0.63057,0.63066,0.0,0,1743071811172,134,0.0
1743071814,0.63058,0.63067,0.0,0,1743071814524,134,0.0
1743071816,0.63059,0.63068,0.0,0,1743071816153,134,0.0
1743071820,0.63058,0.63067,0.0,0,1743071820236,134,0.0
1743071822,0.63057,0.63066,0.0,0,1743071822582,134,0.0
1743071827,0.63058,0.63067,0.0,0,1743071827865,134,0.0
1743071830,0.63059,0.63068,0.0,0,1743071830162,134,0.0
1743071834,0.63058,0.63067,0.0,0,1743071834498,134,0.0
1743071836,0.6306,0.63069,0.0,0,1743071836152,134,0.0
1743071840,0.63059,0.63068,0.0,0,1743071840454,134,0.0
1743071843,0.6306,0.63069,0.0,0,1743071843853,134,0.0
1743071845,0.63059,0.63068,0.0,0,1743071845449,134,0.0
1743071850,0.6306,0.63069,0.0,0,1743071850199,134,0.0
1743071851,0.63061,0.6307,0.0,0,1743071851435,134,0.0
1743071859,0.6306,0.63069,0.0,0,1743071859542,134,0.0
1743071860,0.63059,0.63068,0.0,0,1743071860573,134,0.0
1743071862,0.6306,0.63069,0.0,0,1743071862162,134,0.0
1743071865,0.63059,0.63068,0.0,0,1743071865478,134,0.0
1743071871,0.63058,0.63067,0.0,0,1743071871287,134,0.0
1743071873,0.63057,0.63066,0.0,0,1743071873989,134,0.0
1743071881,0.63057,0.63066,0.0,0,1743071881167,130,0.0
1743071882,0.63056,0.63065,0.0,0,1743071882960,134,0.0
1743071883,0.63054,0.63063,0.0,0,1743071883009,134,0.0
1743071886,0.63055,0.63064,0.0,0,1743071886424,134,0.0
1743071888,0.63056,0.63065,0.0,0,1743071888730,134,0.0
1743071890,0.63057,0.63066,0.0,0,1743071890085,134,0.0
1743071898,0.63056,0.63065,0.0,0,1743071898432,134,0.0
1743071899,0.63054,0.63063,0.0,0,1743071899484,134,0.0
1743071900,0.63053,0.63062,0.0,0,1743071900559,134,0.0
1743071907,0.63052,0.63061,0.0,0,1743071907060,134,0.0
1743071908,0.63053,0.63062,0.0,0,1743071908076,134,0.0
1743071910,0.63051,0.6306,0.0,0,1743071910871,134,0.0
1743071910,0.6305,0.63059,0.0,0,1743071910963,134,0.0
1743071913,0.63051,0.6306,0.0,0,1743071913322,134,0.0
1743071922,0.63052,0.63061,0.0,0,1743071922198,134,0.0
1743071928,0.63053,0.63062,0.0,0,1743071928904,134,0.0
1743071931,0.63052,0.63061,0.0,0,1743071931068,134,0.0
1743071934,0.63051,0.6306,0.0,0,1743071934879,134,0.0
1743071936,0.6305,0.63059,0.0,0,1743071936482,134,0.0
1743071939,0.63052,0.63061,0.0,0,1743071939790,134,0.0
1743071939,0.63053,0.63062,0.0,0,1743071939972,134,0.0
1743071942,0.63054,0.63063,0.0,0,1743071942209,134,0.0
1743071960,0.63053,0.63062,0.0,0,1743071960528,134,0.0
1743071962,0.63052,0.63061,0.0,0,1743071962830,134,0.0
1743071970,0.63053,0.63062,0.0,0,1743071970847,134,0.0
1743071970,0.63054,0.63063,0.0,0,1743071970906,134,0.0
1743071972,0.63056,0.63065,0.0,0,1743071972068,134,0.0
1743071972,0.63057,0.63066,0.0,0,1743071972231,134,0.0
1743071973,0.63058,0.63067,0.0,0,1743071973519,134,0.0
1743071976,0.63059,0.63068,0.0,0,1743071976528,134,0.0
1743071980,0.63058,0.63067,0.0,0,1743071980684,134,0.0
1743071985,0.63059,0.63068,0.0,0,1743071985205,134,0.0
1743071987,0.63058,0.63067,0.0,0,1743071987630,134,0.0
1743071996,0.63057,0.63066,0.0,0,1743071996256,134,0.0
1743071996,0.63055,0.63064,0.0,0,1743071996432,134,0.0
1743071998,0.63054,0.63063,0.0,0,1743071998874,134,0.0
1743071999,0.63053,0.63062,0.0,0,1743071999926,134,0.0
1743072001,0.63053,0.63062,0.0,0,1743072001394,130,0.0
1743072006,0.63052,0.63061,0.0,0,1743072006119,134,0.0
1743072008,0.63053,0.63062,0.0,0,1743072008607,134,0.0
1743072011,0.63054,0.63063,0.0,0,1743072011443,134,0.0
1743072013,0.63055,0.63064,0.0,0,1743072013962,134,0.0
1743072015,0.63054,0.63063,0.0,0,1743072015069,134,0.0
1743072019,0.63055,0.63064,0.0,0,1743072019085,134,0.0
1743072021,0.63056,0.63065,0.0,0,1743072021092,134,0.0
1743072021,0.63057,0.63066,0.0,0,1743072021174,134,0.0
1743072025,0.63056,0.63065,0.0,0,1743072025204,134,0.0
1743072026,0.63055,0.63064,0.0,0,1743072026853,134,0.0
1743072028,0.63057,0.63066,0.0,0,1743072028287,134,0.0
1743072035,0.63056,0.63065,0.0,0,1743072035689,134,0.0
1743072039,0.63057,0.63066,0.0,0,1743072039183,134,0.0
1743072041,0.63056,0.63065,0.0,0,1743072041881,134,0.0
1743072045,0.63057,0.63066,0.0,0,1743072045776,134,0.0
1743072046,0.63059,0.63068,0.0,0,1743072046128,134,0.0
1743072047,0.6306,0.63069,0.0,0,1743072047201,134,0.0
1743072049,0.63061,0.6307,0.0,0,1743072049210,134,0.0
1743072050,0.63062,0.63071,0.0,0,1743072050243,134,0.0
1743072050,0.63063,0.63072,0.0,0,1743072050628,134,0.0
1743072051,0.63065,0.63074,0.0,0,1743072051753,134,0.0
1743072052,0.63064,0.63073,0.0,0,1743072052835,134,0.0
1743072056,0.63063,0.63072,0.0,0,1743072056873,134,0.0
1743072059,0.63064,0.63073,0.0,0,1743072059478,134,0.0
1743072061,0.63064,0.63073,0.0,0,1743072061042,130,0.0
1743072068,0.63063,0.63072,0.0,0,1743072068711,134,0.0
1743072075,0.63062,0.63071,0.0,0,1743072075713,134,0.0
1743072079,0.63063,0.63072,0.0,0,1743072079289,134,0.0
1743072080,0.63064,0.63073,0.0,0,1743072080371,134,0.0
1743072083,0.63063,0.63072,0.0,0,1743072083718,134,0.0
1743072086,0.63064,0.63073,0.0,0,1743072086768,134,0.0
1743072088,0.63063,0.63072,0.0,0,1743072088788,134,0.0
1743072091,0.63065,0.63074,0.0,0,1743072091546,134,0.0
1743072092,0.63063,0.63072,0.0,0,1743072092640,134,0.0
1743072094,0.63064,0.63073,0.0,0,1743072094157,134,0.0
1743072095,0.63065,0.63074,0.0,0,1743072095551,134,0.0
1743072100,0.63067,0.63076,0.0,0,1743072100496,134,0.0
1743072109,0.63068,0.63077,0.0,0,1743072109344,134,0.0
1743072115,0.63066,0.63075,0.0,0,1743072115710,134,0.0
1743072118,0.63068,0.63077,0.0,0,1743072118011,134,0.0
1743072120,0.63068,0.63077,0.0,0,1743072120689,130,0.0
1743072122,0.63067,0.63076,0.0,0,1743072122283,134,0.0
1743072122,0.63065,0.63074,0.0,0,1743072122317,134,0.0
1743072128,0.63066,0.63075,0.0,0,1743072128204,134,0.0
1743072129,0.63065,0.63074,0.0,0,1743072129160,134,0.0
1743072131,0.63063,0.63072,0.0,0,1743072131631,134,0.0
1743072138,0.63062,0.63071,0.0,0,1743072138333,134,0.0
1743072138,0.63061,0.6307,0.0,0,1743072138963,134,0.0
1743072140,0.6306,0.63069,0.0,0,1743072140135,134,0.0
1743072149,0.63059,0.63068,0.0,0,1743072149883,134,0.0
1743072156,0.63061,0.6307,0.0,0,1743072156577,134,0.0
1743072158,0.63062,0.63071,0.0,0,1743072158168,134,0.0
1743072162,0.63063,0.63072,0.0,0,1743072162887,134,0.0
1743072163,0.63062,0.63071,0.0,0,1743072163781,134,0.0
1743072163,0.6306,0.63069,0.0,0,1743072163796,134,0.0
1743072163,0.63059,0.63068,0.0,0,1743072163818,134,0.0
1743072163,0.63057,0.63066,0.0,0,1743072163898,134,0.0
1743072165,0.63058,0.63067,0.0,0,1743072165144,134,0.0
1743072173,0.63056,0.63065,0.0,0,1743072173567,134,0.0
1743072174,0.63057,0.63066,0.0,0,1743072174598,134,0.0
1743072175,0.63056,0.63065,0.0,0,1743072175969,134,0.0
1743072179,0.63055,0.63064,0.0,0,1743072179682,134,0.0
1743072180,0.63056,0.63065,0.0,0,1743072180729,134,0.0
1743072182,0.63055,0.63064,0.0,0,1743072182082,134,0.0
1743072183,0.63056,0.63065,0.0,0,1743072183100,134,0.0
1743072183,0.63058,0.63067,0.0,0,1743072183284,134,0.0
1743072187,0.63059,0.63068,0.0,0,1743072187198,134,0.0
1743072199,0.63058,0.63067,0.0,0,1743072199848,134,0.0
1743072201,0.63057,0.63066,0.0,0,1743072201416,134,0.0
1743072201,0.63056,0.63065,0.0,0,1743072201429,134,0.0
1743072201,0.63054,0.63063,0.0,0,1743072201457,134,0.0
1743072203,0.63055,0.63064,0.0,0,1743072203334,134,0.0
1743072203,0.63056,0.63065,0.0,0,1743072203467,134,0.0
1743072204,0.63057,0.63066,0.0,0,1743072204770,134,0.0
1743072215,0.63058,0.63067,0.0,0,1743072215131,134,0.0
1743072224,0.63057,0.63066,0.0,0,1743072224844,134,0.0
1743072227,0.63056,0.63065,0.0,0,1743072227621,134,0.0
1743072229,0.63057,0.63066,0.0,0,1743072229049,134,0.0
1743072239,0.63056,0.63065,0.0,0,1743072239178,134,0.0
1743072239,0.63055,0.63064,0.0,0,1743072239427,134,0.0
1743072240,0.63053,0.63062,0.0,0,1743072240176,134,0.0
1743072253,0.63054,0.63063,0.0,0,1743072253657,134,0.0
1743072254,0.63053,0.63062,0.0,0,1743072254868,134,0.0
1743072256,0.63054,0.63063,0.0,0,1743072256501,134,0.0
1743072256,0.63055,0.63064,0.0,0,1743072256686,134,0.0
1743072260,0.63056,0.63065,0.0,0,1743072260395,134,0.0
1743072261,0.63057,0.63066,0.0,0,1743072261430,134,0.0
1743072265,0.63058,0.63067,0.0,0,1743072265477,134,0.0
1743072270,0.63057,0.63066,0.0,0,1743072270957,134,0.0
1743072271,0.63056,0.63065,0.0,0,1743072271981,134,0.0
1743072274,0.63057,0.63066,0.0,0,1743072274663,134,0.0
1743072284,0.63058,0.63067,0.0,0,1743072284113,134,0.0
1743072285,0.63059,0.63068,0.0,0,1743072285680,134,0.0
1743072285,0.6306,0.63069,0.0,0,1743072285973,134,0.0
1743072287,0.63059,0.63068,0.0,0,1743072287460,134,0.0
1743072288,0.63058,0.63067,0.0,0,1743072288463,134,0.0
1743072295,0.63059,0.63068,0.0,0,1743072295193,134,0.0
1743072296,0.63058,0.63067,0.0,0,1743072296255,134,0.0
1743072300,0.63058,0.63067,0.0,0,1743072300194,130,0.0
1743072308,0.63057,0.63066,0.0,0,1743072308563,134,0.0
1743072310,0.63056,0.63065,0.0,0,1743072310080,134,0.0
1743072312,0.63057,0.63066,0.0,0,1743072312990,134,0.0
1743072317,0.63058,0.63067,0.0,0,1743072317857,134,0.0
1743072319,0.63057,0.63066,0.0,0,1743072319077,134,0.0
1743072321,0.63058,0.63067,0.0,0,1743072321382,134,0.0
1743072324,0.63059,0.63068,0.0,0,1743072324513,134,0.0
1743072324,0.63061,0.6307,0.0,0,1743072324540,134,0.0
1743072325,0.63062,0.63071,0.0,0,1743072325579,134,0.0
1743072328,0.63061,0.6307,0.0,0,1743072328208,134,0.0
1743072338,0.63062,0.63071,0.0,0,1743072338550,134,0.0
1743072341,0.6306,0.63069,0.0,0,1743072341542,134,0.0
1743072345,0.63061,0.6307,0.0,0,1743072345822,134,0.0
1743072353,0.63062,0.63071,0.0,0,1743072353060,134,0.0
1743072360,0.63063,0.63072,0.0,0,1743072360363,134,0.0
1743072361,0.63065,0.63074,0.0,0,1743072361279,134,0.0
1743072361,0.63066,0.63075,0.0,0,1743072361320,134,0.0
1743072365,0.63067,0.63076,0.0,0,1743072365456,134,0.0
1743072380,0.63066,0.63075,0.0,0,1743072380087,134,0.0
1743072390,0.63065,0.63074,0.0,0,1743072390100,134,0.0
1743072395,0.63064,0.63073,0.0,0,1743072395502,134,0.0
1743072406,0.63065,0.63074,0.0,0,1743072406433,134,0.0
1743072407,0.63064,0.63073,0.0,0,1743072407086,134,0.0
1743072408,0.63063,0.63072,0.0,0,1743072408162,134,0.0
1743072408,0.63062,0.63071,0.0,0,1743072408227,134,0.0
1743072409,0.63061,0.6307,0.0,0,1743072409303,134,0.0
1743072421,0.63061,0.6307,0.0,0,1743072421716,130,0.0
1743072423,0.63062,0.63071,0.0,0,1743072423220,134,0.0
1743072424,0.63061,0.6307,0.0,0,1743072424305,134,0.0
1743072430,0.6306,0.63069,0.0,0,1743072430383,134,0.0
1743072431,0.63058,0.63067,0.0,0,1743072431020,134,0.0
1743072433,0.63057,0.63066,0.0,0,1743072433138,134,0.0
1743072438,0.63058,0.63067,0.0,0,1743072438485,134,0.0
1743072445,0.63057,0.63066,0.0,0,1743072445695,134,0.0
1743072448,0.63056,0.63065,0.0,0,1743072448654,134,0.0
1743072449,0.63055,0.63064,0.0,0,1743072449661,134,0.0
1743072450,0.63056,0.63065,0.0,0,1743072450672,134,0.0
1743072452,0.63058,0.63067,0.0,0,1743072452724,134,0.0
1743072459,0.63057,0.63066,0.0,0,1743072459024,134,0.0
1743072475,0.63058,0.63067,0.0,0,1743072475271,134,0.0
1743072478,0.63057,0.63066,0.0,0,1743072478087,134,0.0
1743072479,0.63056,0.63065,0.0,0,1743072479823,134,0.0
1743072482,0.63056,0.63065,0.0,0,1743072482936,130,0.0
1743072486,0.63057,0.63066,0.0,0,1743072486572,134,0.0
1743072487,0.63056,0.63065,0.0,0,1743072487803,134,0.0
1743072489,0.63057,0.63066,0.0,0,1743072489305,134,0.0
1743072490,0.63056,0.63065,0.0,0,1743072490430,134,0.0
1743072493,0.63058,0.63067,0.0,0,1743072493563,134,0.0
1743072495,0.63057,0.63066,0.0,0,1743072495929,134,0.0
1743072497,0.63059,0.63068,0.0,0,1743072497860,134,0.0
1743072500,0.6306,0.63069,0.0,0,1743072500083,134,0.0
1743072500,0.63061,0.6307,0.0,0,1743072500966,134,0.0
1743072507,0.6306,0.63069,0.0,0,1743072507729,134,0.0
1743072510,0.63062,0.63071,0.0,0,1743072510257,134,0.0
1743072518,0.63061,0.6307,0.0,0,1743072518971,134,0.0
1743072523,0.63062,0.63071,0.0,0,1743072523522,134,0.0
1743072537,0.63061,0.6307,0.0,0,1743072537090,134,0.0
1743072541,0.63062,0.63071,0.0,0,1743072541340,134,0.0
1743072546,0.63061,0.6307,0.0,0,1743072546139,134,0.0
1743072549,0.63062,0.63071,0.0,0,1743072549268,134,0.0
1743072551,0.63063,0.63072,0.0,0,1743072551383,134,0.0
1743072555,0.63062,0.63071,0.0,0,1743072555086,134,0.0
1743072560,0.63063,0.63072,0.0,0,1743072560739,134,0.0
1743072561,0.63065,0.63074,0.0,0,1743072561598,134,0.0
1743072570,0.63066,0.63075,0.0,0,1743072570207,134,0.0
1743072570,0.63067,0.63076,0.0,0,1743072570502,134,0.0
1743072572,0.63068,0.63077,0.0,0,1743072572324,134,0.0
1743072577,0.63066,0.63075,0.0,0,1743072577160,134,0.0
1743072580,0.63065,0.63074,0.0,0,1743072580876,134,0.0
1743072586,0.63066,0.63075,0.0,0,1743072586399,134,0.0
1743072589,0.63067,0.63076,0.0,0,1743072589842,134,0.0
1743072591,0.63066,0.63075,0.0,0,1743072591195,134,0.0
1743072592,0.63067,0.63076,0.0,0,1743072592641,134,0.0
1743072596,0.63066,0.63075,0.0,0,1743072596994,134,0.0
1743072599,0.63067,0.63076,0.0,0,1743072599324,134,0.0
1743072600,0.63068,0.63077,0.0,0,1743072600807,134,0.0
1743072603,0.63066,0.63075,0.0,0,1743072603507,134,0.0
1743072606,0.63067,0.63076,0.0,0,1743072606387,134,0.0
1743072610,0.63068,0.63077,0.0,0,1743072610997,134,0.0
1743072616,0.63069,0.63078,0.0,0,1743072616793,134,0.0
1743072620,0.63068,0.63077,0.0,0,1743072620122,134,0.0
1743072623,0.63067,0.63076,0.0,0,1743072623550,134,0.0
1743072627,0.63066,0.63075,0.0,0,1743072627160,134,0.0
1743072628,0.63065,0.63074,0.0,0,1743072628167,134,0.0
1743072631,0.63066,0.63075,0.0,0,1743072631019,134,0.0
1743072632,0.63068,0.63077,0.0,0,1743072632023,134,0.0
1743072635,0.63067,0.63076,0.0,0,1743072635842,134,0.0
1743072636,0.63068,0.63077,0.0,0,1743072636952,134,0.0
1743072639,0.63069,0.63078,0.0,0,1743072639683,134,0.0
1743072639,0.6307,0.63079,0.0,0,1743072639763,134,0.0
1743072640,0.63072,0.63081,0.0,0,1743072640769,134,0.0
1743072644,0.63071,0.6308,0.0,0,1743072644105,134,0.0
1743072649,0.63069,0.63078,0.0,0,1743072649616,134,0.0
1743072650,0.63071,0.6308,0.0,0,1743072650626,134,0.0
1743072657,0.63072,0.63081,0.0,0,1743072657180,134,0.0
1743072659,0.63071,0.6308,0.0,0,1743072659739,134,0.0
1743072660,0.6307,0.63079,0.0,0,1743072660745,134,0.0
1743072668,0.63071,0.6308,0.0,0,1743072668245,134,0.0
1743072669,0.63072,0.63081,0.0,0,1743072669438,134,0.0
1743072672,0.63071,0.6308,0.0,0,1743072672313,134,0.0
1743072675,0.63072,0.63081,0.0,0,1743072675512,134,0.0
1743072677,0.63073,0.63082,0.0,0,1743072677783,134,0.0
1743072679,0.63072,0.63081,0.0,0,1743072679962,134,0.0
1743072684,0.63071,0.6308,0.0,0,1743072684091,134,0.0
1743072690,0.6307,0.63079,0.0,0,1743072690647,134,0.0
1743072692,0.63071,0.6308,0.0,0,1743072692723,134,0.0
1743072697,0.6307,0.63079,0.0,0,1743072697516,134,0.0
1743072705,0.63069,0.63078,0.0,0,1743072705293,134,0.0
1743072707,0.63071,0.6308,0.0,0,1743072707820,134,0.0
1743072711,0.63073,0.63082,0.0,0,1743072711049,134,0.0
1743072711,0.63074,0.63083,0.0,0,1743072711574,134,0.0
1743072715,0.63075,0.63084,0.0,0,1743072715286,134,0.0
1743072717,0.63074,0.63083,0.0,0,1743072717136,134,0.0
1743072719,0.63075,0.63084,0.0,0,1743072719580,134,0.0
1743072720,0.63074,0.63083,0.0,0,1743072720654,134,0.0
1743072722,0.63072,0.63081,0.0,0,1743072722094,134,0.0
1743072727,0.63073,0.63082,0.0,0,1743072727216,134,0.0
1743072736,0.63074,0.63083,0.0,0,1743072736739,134,0.0
1743072739,0.63073,0.63082,0.0,0,1743072739407,134,0.0
1743072742,0.63072,0.63081,0.0,0,1743072742882,134,0.0
1743072749,0.63071,0.6308,0.0,0,1743072749949,134,0.0
1743072754,0.6307,0.63079,0.0,0,1743072754462,134,0.0
1743072756,0.63068,0.63077,0.0,0,1743072756779,134,0.0
1743072757,0.63067,0.63076,0.0,0,1743072757393,134,0.0
1743072757,0.63065,0.63074,0.0,0,1743072757427,134,0.0
1743072762,0.63066,0.63075,0.0,0,1743072762529,134,0.0
1743072764,0.63067,0.63076,0.0,0,1743072764120,134,0.0
1743072766,0.63068,0.63077,0.0,0,1743072766601,134,0.0
1743072769,0.63067,0.63076,0.0,0,1743072769527,134,0.0
1743072771,0.63068,0.63077,0.0,0,1743072771092,134,0.0
1743072773,0.63066,0.63075,0.0,0,1743072773247,134,0.0
1743072777,0.63067,0.63076,0.0,0,1743072777822,134,0.0
1743072780,0.63067,0.63076,0.0,0,1743072780443,130,0.0
1743072784,0.63068,0.63077,0.0,0,1743072784407,134,0.0
1743072786,0.63069,0.63078,0.0,0,1743072786495,134,0.0
1743072789,0.63067,0.63076,0.0,0,1743072789263,134,0.0
1743072793,0.63066,0.63075,0.0,0,1743072793280,134,0.0
1743072797,0.63068,0.63077,0.0,0,1743072797948,134,0.0
1743072804,0.63069,0.63078,0.0,0,1743072804107,134,0.0
1743072807,0.63071,0.6308,0.0,0,1743072807306,134,0.0
1743072812,0.63072,0.63081,0.0,0,1743072812528,134,0.0
1743072815,0.63073,0.63082,0.0,0,1743072815435,134,0.0
1743072823,0.63074,0.63083,0.0,0,1743072823061,134,0.0
1743072824,0.63073,0.63082,0.0,0,1743072824756,134,0.0
1743072831,0.63074,0.63083,0.0,0,1743072831293,134,0.0
1743072834,0.63073,0.63082,0.0,0,1743072834734,134,0.0
1743072835,0.63074,0.63083,0.0,0,1743072835784,134,0.0
1743072836,0.63073,0.63082,0.0,0,1743072836794,134,0.0
1743072840,0.63072,0.63081,0.0,0,1743072840285,134,0.0
1743072840,0.63071,0.6308,0.0,0,1743072840576,134,0.0
1743072841,0.63072,0.63081,0.0,0,1743072841655,134,0.0
1743072843,0.63073,0.63082,0.0,0,1743072843923,134,0.0
1743072851,0.63074,0.63083,0.0,0,1743072851099,134,0.0
1743072855,0.63073,0.63082,0.0,0,1743072855557,134,0.0
1743072856,0.63074,0.63083,0.0,0,1743072856716,134,0.0
1743072863,0.63073,0.63082,0.0,0,1743072863630,134,0.0
1743072864,0.63072,0.63081,0.0,0,1743072864450,134,0.0
1743072865,0.63071,0.6308,0.0,0,1743072865877,134,0.0
1743072867,0.63072,0.63081,0.0,0,1743072867556,134,0.0
1743072868,0.63071,0.6308,0.0,0,1743072868864,134,0.0
1743072871,0.63072,0.63081,0.0,0,1743072871772,134,0.0
1743072872,0.63071,0.6308,0.0,0,1743072872786,134,0.0
1743072876,0.63072,0.63081,0.0,0,1743072876875,134,0.0
1743072879,0.63073,0.63082,0.0,0,1743072879682,134,0.0
1743072880,0.63072,0.63081,0.0,0,1743072880835,134,0.0
1743072886,0.6307,0.63079,0.0,0,1743072886341,134,0.0
1743072889,0.63072,0.63081,0.0,0,1743072889335,134,0.0
1743072889,0.63073,0.63082,0.0,0,1743072889399,134,0.0
1743072892,0.63074,0.63083,0.0,0,1743072892332,134,0.0
1743072896,0.63073,0.63082,0.0,0,1743072896044,134,0.0
1743072901,0.63072,0.63081,0.0,0,1743072901197,134,0.0
1743072902,0.6307,0.63079,0.0,0,1743072902184,134,0.0
1743072905,0.63069,0.63078,0.0,0,1743072905188,134,0.0
1743072906,0.6307,0.63079,0.0,0,1743072906251,134,0.0
1743072912,0.63069,0.63078,0.0,0,1743072912140,134,0.0
1743072914,0.63068,0.63077,0.0,0,1743072914168,134,0.0
1743072917,0.63069,0.63078,0.0,0,1743072917968,134,0.0
1743072924,0.63068,0.63077,0.0,0,1743072924191,134,0.0
1743072928,0.63067,0.63076,0.0,0,1743072928104,134,0.0
1743072930,0.63066,0.63075,0.0,0,1743072930402,134,0.0
1743072931,0.63067,0.63076,0.0,0,1743072931209,134,0.0
1743072931,0.63069,0.63078,0.0,0,1743072931361,134,0.0
1743072933,0.6307,0.63079,0.0,0,1743072933632,134,0.0
1743072934,0.63069,0.63078,0.0,0,1743072934660,134,0.0
1743072937,0.6307,0.63079,0.0,0,1743072937364,134,0.0
1743072939,0.63071,0.6308,0.0,0,1743072939563,134,0.0
1743072944,0.6307,0.63079,0.0,0,1743072944055,134,0.0
1743072944,0.63071,0.6308,0.0,0,1743072944512,134,0.0
1743072945,0.63072,0.63081,0.0,0,1743072945578,134,0.0
1743072947,0.63073,0.63082,0.0,0,1743072947688,134,0.0
1743072951,0.63071,0.6308,0.0,0,1743072951786,134,0.0
1743072954,0.63072,0.63081,0.0,0,1743072954026,134,0.0
1743072955,0.6307,0.63079,0.0,0,1743072955053,134,0.0
1743072956,0.63069,0.63078,0.0,0,1743072956098,134,0.0
1743072961,0.63071,0.6308,0.0,0,1743072961401,134,0.0
1743072962,0.6307,0.63079,0.0,0,1743072962491,134,0.0
1743072964,0.63072,0.63081,0.0,0,1743072964747,134,0.0
1743072966,0.63071,0.6308,0.0,0,1743072966109,134,0.0
1743072969,0.63069,0.63078,0.0,0,1743072969719,134,0.0
1743072969,0.63068,0.63077,0.0,0,1743072969744,134,0.0
1743072969,0.63066,0.63075,0.0,0,1743072969808,134,0.0
1743072969,0.63065,0.63074,0.0,0,1743072969918,134,0.0
1743072970,0.63063,0.63072,0.0,0,1743072970189,134,0.0
1743072971,0.63062,0.63071,0.0,0,1743072971307,134,0.0
1743072971,0.63061,0.6307,0.0,0,1743072971467,134,0.0
1743072975,0.63062,0.63071,0.0,0,1743072975697,134,0.0
1743072978,0.63061,0.6307,0.0,0,1743072978260,134,0.0
1743072980,0.6306,0.63069,0.0,0,1743072980349,134,0.0
1743072981,0.63062,0.63071,0.0,0,1743072981337,134,0.0
1743072983,0.63063,0.63072,0.0,0,1743072983923,134,0.0
1743072986,0.63062,0.63071,0.0,0,1743072986516,134,0.0
1743073009,0.63063,0.63072,0.0,0,1743073009054,134,0.0
1743073020,0.63062,0.63071,0.0,0,1743073020128,134,0.0
1743073021,0.63063,0.63072,0.0,0,1743073021563,134,0.0
1743073045,0.63064,0.63073,0.0,0,1743073045460,134,0.0
1743073049,0.63065,0.63074,0.0,0,1743073049358,134,0.0
1743073068,0.63066,0.63075,0.0,0,1743073068604,134,0.0
1743073068,0.63068,0.63077,0.0,0,1743073068609,134,0.0
1743073068,0.63069,0.63078,0.0,0,1743073068620,134,0.0
1743073068,0.63071,0.6308,0.0,0,1743073068629,134,0.0
1743073068,0.63072,0.63081,0.0,0,1743073068955,134,0.0
1743073070,0.63073,0.63082,0.0,0,1743073070064,134,0.0
1743073072,0.63072,0.63081,0.0,0,1743073072394,134,0.0
1743073076,0.63073,0.63082,0.0,0,1743073076275,134,0.0
1743073076,0.63075,0.63084,0.0,0,1743073076307,134,0.0
1743073080,0.63074,0.63083,0.0,0,1743073080376,134,0.0
1743073086,0.63073,0.63082,0.0,0,1743073086273,134,0.0
1743073088,0.63074,0.63083,0.0,0,1743073088585,134,0.0
1743073089,0.63075,0.63084,0.0,0,1743073089145,134,0.0
1743073090,0.63076,0.63085,0.0,0,1743073090179,134,0.0
1743073098,0.63077,0.63086,0.0,0,1743073098771,134,0.0
1743073099,0.63079,0.63088,0.0,0,1743073099426,134,0.0
1743073099,0.63081,0.6309,0.0,0,1743073099439,134,0.0
1743073099,0.63082,0.63091,0.0,0,1743073099458,134,0.0
1743073101,0.63083,0.63092,0.0,0,1743073101363,134,0.0
1743073105,0.63082,0.63091,0.0,0,1743073105998,134,0.0
1743073111,0.63083,0.63092,0.0,0,1743073111709,134,0.0
1743073112,0.63084,0.63093,0.0,0,1743073112847,134,0.0
1743073123,0.63085,0.63094,0.0,0,1743073123198,134,0.0
1743073126,0.63084,0.63093,0.0,0,1743073126678,134,0.0
1743073130,0.63085,0.63094,0.0,0,1743073130929,134,0.0
1743073132,0.63086,0.63095,0.0,0,1743073132024,134,0.0
1743073133,0.63085,0.63094,0.0,0,1743073133114,134,0.0
1743073140,0.63084,0.63093,0.0,0,1743073140288,134,0.0
1743073141,0.63085,0.63094,0.0,0,1743073141665,134,0.0
1743073148,0.63086,0.63095,0.0,0,1743073148183,134,0.0
1743073150,0.63087,0.63096,0.0,0,1743073150177,134,0.0
1743073150,0.63086,0.63095,0.0,0,1743073150875,134,0.0
1743073151,0.63085,0.63094,0.0,0,1743073151092,134,0.0
1743073152,0.63084,0.63093,0.0,0,1743073152132,134,0.0
1743073153,0.63083,0.63092,0.0,0,1743073153554,134,0.0
1743073154,0.63084,0.63093,0.0,0,1743073154576,134,0.0
1743073158,0.63085,0.63094,0.0,0,1743073158749,134,0.0
1743073169,0.63084,0.63093,0.0,0,1743073169717,134,0.0
1743073170,0.63083,0.63092,0.0,0,1743073170867,134,0.0
1743073178,0.63081,0.6309,0.0,0,1743073178885,134,0.0
1743073179,0.63082,0.63091,0.0,0,1743073179996,134,0.0
1743073181,0.63083,0.63092,0.0,0,1743073181095,134,0.0
1743073183,0.63082,0.63091,0.0,0,1743073183315,134,0.0
1743073187,0.63081,0.6309,0.0,0,1743073187068,134,0.0
1743073188,0.63083,0.63092,0.0,0,1743073188476,134,0.0
1743073192,0.63084,0.63093,0.0,0,1743073192150,134,0.0
1743073196,0.63083,0.63092,0.0,0,1743073196230,134,0.0
1743073200,0.63083,0.63092,0.0,0,1743073200705,130,0.0
1743073201,0.63084,0.63093,0.0,0,1743073201758,134,0.0
1743073202,0.63083,0.63092,0.0,0,1743073202416,134,0.0
1743073202,0.63081,0.6309,0.0,0,1743073202738,134,0.0
1743073205,0.6308,0.63089,0.0,0,1743073205870,134,0.0
1743073206,0.63079,0.63088,0.0,0,1743073206914,134,0.0
1743073209,0.63078,0.63087,0.0,0,1743073209745,134,0.0
1743073210,0.63076,0.63085,0.0,0,1743073210378,134,0.0
1743073210,0.63075,0.63084,0.0,0,1743073210419,134,0.0
1743073211,0.63076,0.63085,0.0,0,1743073211706,134,0.0
1743073217,0.63075,0.63084,0.0,0,1743073217977,134,0.0
1743073219,0.63076,0.63085,0.0,0,1743073219008,134,0.0
1743073221,0.63075,0.63084,0.0,0,1743073221270,134,0.0
1743073223,0.63076,0.63085,0.0,0,1743073223286,134,0.0
1743073224,0.63077,0.63086,0.0,0,1743073224345,134,0.0
1743073225,0.63076,0.63085,0.0,0,1743073225354,134,0.0
1743073226,0.63077,0.63086,0.0,0,1743073226533,134,0.0
1743073227,0.63078,0.63087,0.0,0,1743073227610,134,0.0
1743073229,0.63079,0.63088,0.0,0,1743073229969,134,0.0
1743073231,0.6308,0.63089,0.0,0,1743073231764,134,0.0
1743073231,0.63081,0.6309,0.0,0,1743073231788,134,0.0
1743073231,0.63083,0.63092,0.0,0,1743073231823,134,0.0
1743073233,0.63082,0.63091,0.0,0,1743073233091,134,0.0
1743073234,0.63081,0.6309,0.0,0,1743073234402,134,0.0
1743073235,0.6308,0.63089,0.0,0,1743073235173,134,0.0
1743073236,0.63079,0.63088,0.0,0,1743073236513,134,0.0
1743073242,0.63078,0.63087,0.0,0,1743073242366,134,0.0
1743073244,0.63079,0.63088,0.0,0,1743073244307,134,0.0
1743073245,0.6308,0.63089,0.0,0,1743073245326,134,0.0
1743073257,0.63078,0.63087,0.0,0,1743073257260,134,0.0
1743073259,0.63079,0.63088,0.0,0,1743073259293,134,0.0
1743073260,0.63079,0.63088,0.0,0,1743073260806,130,0.0
1743073270,0.6308,0.63089,0.0,0,1743073270084,134,0.0
1743073271,0.63079,0.63088,0.0,0,1743073271666,134,0.0
1743073272,0.6308,0.63089,0.0,0,1743073272754,134,0.0
1743073273,0.63079,0.63088,0.0,0,1743073273916,134,0.0
1743073281,0.63078,0.63087,0.0,0,1743073281097,134,0.0
1743073281,0.63077,0.63086,0.0,0,1743073281142,134,0.0
1743073281,0.63075,0.63084,0.0,0,1743073281193,134,0.0
1743073281,0.63074,0.63083,0.0,0,1743073281247,134,0.0
1743073281,0.63075,0.63084,0.0,0,1743073281861,134,0.0
1743073290,0.63073,0.63082,0.0,0,1743073290196,134,0.0
1743073291,0.63072,0.63081,0.0,0,1743073291202,134,0.0
1743073292,0.63073,0.63082,0.0,0,1743073292825,134,0.0
1743073295,0.63074,0.63083,0.0,0,1743073295446,134,0.0
1743073296,0.63075,0.63084,0.0,0,1743073296863,134,0.0
1743073301,0.63074,0.63083,0.0,0,1743073301544,134,0.0
1743073302,0.63076,0.63085,0.0,0,1743073302372,134,0.0
1743073303,0.63077,0.63086,0.0,0,1743073303181,134,0.0
1743073307,0.63078,0.63087,0.0,0,1743073307839,134,0.0
1743073309,0.63077,0.63086,0.0,0,1743073309206,134,0.0
1743073311,0.63076,0.63085,0.0,0,1743073311604,134,0.0
1743073312,0.63077,0.63086,0.0,0,1743073312711,134,0.0
1743073320,0.63077,0.63086,0.0,0,1743073320235,130,0.0
1743073325,0.63078,0.63087,0.0,0,1743073325173,134,0.0
1743073327,0.6308,0.63089,0.0,0,1743073327582,134,0.0
1743073327,0.63082,0.63091,0.0,0,1743073327601,134,0.0
1743073327,0.63083,0.63092,0.0,0,1743073327693,134,0.0
1743073327,0.63085,0.63094,0.0,0,1743073327801,134,0.0
1743073338,0.63084,0.63093,0.0,0,1743073338385,134,0.0
1743073341,0.63085,0.63094,0.0,0,1743073341140,134,0.0
1743073342,0.63086,0.63095,0.0,0,1743073342450,134,0.0
1743073343,0.63087,0.63096,0.0,0,1743073343466,134,0.0
1743073347,0.63086,0.63095,0.0,0,1743073347514,134,0.0
1743073348,0.63085,0.63094,0.0,0,1743073348783,134,0.0
1743073349,0.63084,0.63093,0.0,0,1743073349143,134,0.0
1743073350,0.63083,0.63092,0.0,0,1743073350200,134,0.0
1743073354,0.63085,0.63094,0.0,0,1743073354912,134,0.0
1743073355,0.63086,0.63095,0.0,0,1743073355046,134,0.0
1743073355,0.63088,0.63097,0.0,0,1743073355208,134,0.0
1743073356,0.63089,0.63098,0.0,0,1743073356497,134,0.0
1743073361,0.63088,0.63097,0.0,0,1743073361328,134,0.0
1743073361,0.63087,0.63096,0.0,0,1743073361358,134,0.0
1743073364,0.63089,0.63098,0.0,0,1743073364757,134,0.0
1743073366,0.63088,0.63097,0.0,0,1743073366442,134,0.0
1743073370,0.63087,0.63096,0.0,0,1743073370855,134,0.0
1743073371,0.63088,0.63097,0.0,0,1743073371872,134,0.0
1743073374,0.6309,0.63099,0.0,0,1743073374814,134,0.0
1743073374,0.63091,0.631,0.0,0,1743073374859,134,0.0
1743073374,0.63092,0.63101,0.0,0,1743073374874,134,0.0
1743073376,0.63093,0.63102,0.0,0,1743073376432,134,0.0
1743073376,0.63091,0.631,0.0,0,1743073376683,134,0.0
1743073380,0.6309,0.63099,0.0,0,1743073380178,134,0.0
1743073381,0.63092,0.63101,0.0,0,1743073381080,134,0.0
1743073389,0.63093,0.63102,0.0,0,1743073389027,134,0.0
1743073389,0.63095,0.63104,0.0,0,1743073389082,134,0.0
1743073391,0.63094,0.63103,0.0,0,1743073391714,134,0.0
1743073394,0.63093,0.63102,0.0,0,1743073394828,134,0.0
1743073396,0.63094,0.63103,0.0,0,1743073396846,134,0.0
1743073400,0.63093,0.63102,0.0,0,1743073400352,134,0.0
1743073401,0.63094,0.63103,0.0,0,1743073401384,134,0.0
1743073408,0.63095,0.63104,0.0,0,1743073408853,134,0.0
1743073408,0.63097,0.63106,0.0,0,1743073408874,134,0.0
1743073409,0.63098,0.63107,0.0,0,1743073409412,134,0.0
1743073411,0.63099,0.63108,0.0,0,1743073411987,134,0.0
1743073412,0.631,0.63109,0.0,0,1743073412008,134,0.0
1743073413,0.63101,0.6311,0.0,0,1743073413538,134,0.0
1743073413,0.63102,0.63111,0.0,0,1743073413775,134,0.0
1743073413,0.63103,0.63112,0.0,0,1743073413796,134,0.0
1743073415,0.63102,0.63111,0.0,0,1743073415129,134,0.0
1743073416,0.631,0.63109,0.0,0,1743073416449,134,0.0
1743073422,0.63101,0.6311,0.0,0,1743073422700,134,0.0
1743073424,0.63099,0.63108,0.0,0,1743073424492,134,0.0
1743073425,0.631,0.63109,0.0,0,1743073425527,134,0.0
1743073426,0.63101,0.6311,0.0,0,1743073426779,134,0.0
1743073428,0.63102,0.63111,0.0,0,1743073428009,134,0.0
1743073428,0.63104,0.63113,0.0,0,1743073428075,134,0.0
1743073428,0.63105,0.63114,0.0,0,1743073428492,134,0.0
1743073428,0.63107,0.63116,0.0,0,1743073428613,134,0.0
1743073430,0.63108,0.63117,0.0,0,1743073430743,134,0.0
1743073431,0.63107,0.63116,0.0,0,1743073431782,134,0.0
1743073433,0.63106,0.63115,0.0,0,1743073433820,134,0.0
1743073437,0.63108,0.63117,0.0,0,1743073437228,134,0.0
1743073439,0.63107,0.63116,0.0,0,1743073439600,134,0.0
1743073440,0.63108,0.63117,0.0,0,1743073440602,134,0.0
1743073442,0.63109,0.63118,0.0,0,1743073442505,134,0.0
1743073443,0.63111,0.6312,0.0,0,1743073443457,134,0.0
1743073443,0.63112,0.63121,0.0,0,1743073443666,134,0.0
1743073444,0.63111,0.6312,0.0,0,1743073444854,134,0.0
1743073447,0.63112,0.63121,0.0,0,1743073447275,134,0.0
1743073447,0.63114,0.63123,0.0,0,1743073447335,134,0.0
1743073447,0.63115,0.63124,0.0,0,1743073447364,134,0.0
1743073448,0.63114,0.63123,0.0,0,1743073448206,134,0.0
1743073449,0.63112,0.63121,0.0,0,1743073449314,134,0.0
1743073450,0.63113,0.63122,0.0,0,1743073450574,134,0.0
1743073453,0.63112,0.63121,0.0,0,1743073453605,134,0.0
1743073455,0.63111,0.6312,0.0,0,1743073455905,134,0.0
1743073456,0.63109,0.63118,0.0,0,1743073456582,134,0.0
1743073456,0.63111,0.6312,0.0,0,1743073456697,134,0.0
1743073458,0.6311,0.63119,0.0,0,1743073458983,134,0.0
1743073460,0.63111,0.6312,0.0,0,1743073460074,134,0.0
1743073466,0.63109,0.63118,0.0,0,1743073466250,134,0.0
1743073467,0.6311,0.63119,0.0,0,1743073467363,134,0.0
1743073471,0.63111,0.6312,0.0,0,1743073471780,134,0.0
1743073483,0.63112,0.63121,0.0,0,1743073483150,134,0.0
1743073485,0.6311,0.63119,0.0,0,1743073485699,134,0.0
1743073488,0.63108,0.63117,0.0,0,1743073488159,134,0.0
1743073489,0.63109,0.63118,0.0,0,1743073489184,134,0.0
1743073491,0.63111,0.6312,0.0,0,1743073491391,134,0.0
1743073491,0.63112,0.63121,0.0,0,1743073491411,134,0.0
1743073492,0.63113,0.63122,0.0,0,1743073492503,134,0.0
1743073493,0.63112,0.63121,0.0,0,1743073493178,134,0.0
1743073494,0.63111,0.6312,0.0,0,1743073494462,134,0.0
1743073495,0.6311,0.63119,0.0,0,1743073495590,134,0.0
1743073498,0.63109,0.63118,0.0,0,1743073498105,134,0.0
1743073499,0.6311,0.63119,0.0,0,1743073499500,134,0.0
1743073499,0.63109,0.63118,0.0,0,1743073499568,134,0.0
1743073500,0.63109,0.63118,0.0,0,1743073500900,130,0.0
1743073506,0.6311,0.63119,0.0,0,1743073506030,134,0.0
1743073507,0.63109,0.63118,0.0,0,1743073507927,134,0.0
1743073509,0.6311,0.63119,0.0,0,1743073509934,134,0.0
1743073511,0.63111,0.6312,0.0,0,1743073511791,134,0.0
1743073512,0.63112,0.63121,0.0,0,1743073512919,134,0.0
1743073515,0.63114,0.63123,0.0,0,1743073515095,134,0.0
1743073515,0.63115,0.63124,0.0,0,1743073515749,134,0.0
1743073515,0.63117,0.63126,0.0,0,1743073515793,134,0.0
1743073515,0.63118,0.63127,0.0,0,1743073515880,134,0.0
1743073517,0.63116,0.63125,0.0,0,1743073517690,134,0.0
1743073518,0.63115,0.63124,0.0,0,1743073518245,134,0.0
1743073519,0.63114,0.63123,0.0,0,1743073519273,134,0.0
1743073523,0.63115,0.63124,0.0,0,1743073523026,134,0.0
1743073527,0.63116,0.63125,0.0,0,1743073527257,134,0.0
1743073531,0.63117,0.63126,0.0,0,1743073531332,134,0.0
1743073531,0.63116,0.63125,0.0,0,1743073531927,134,0.0
1743073533,0.63114,0.63123,0.0,0,1743073533376,134,0.0
1743073534,0.63115,0.63124,0.0,0,1743073534533,134,0.0
1743073535,0.63116,0.63125,0.0,0,1743073535647,134,0.0
1743073540,0.63117,0.63126,0.0,0,1743073540017,134,0.0
1743073541,0.63116,0.63125,0.0,0,1743073541092,134,0.0
1743073546,0.63115,0.63124,0.0,0,1743073546944,134,0.0
1743073548,0.63116,0.63125,0.0,0,1743073548242,134,0.0
1743073548,0.63114,0.63123,0.0,0,1743073548423,134,0.0
1743073555,0.63115,0.63124,0.0,0,1743073555467,134,0.0
1743073560,0.63115,0.63124,0.0,0,1743073560732,130,0.0
1743073561,0.63116,0.63125,0.0,0,1743073561750,134,0.0
1743073563,0.63117,0.63126,0.0,0,1743073563361,134,0.0
1743073566,0.63116,0.63125,0.0,0,1743073566943,134,0.0
1743073572,0.63117,0.63126,0.0,0,1743073572515,134,0.0
1743073578,0.63116,0.63125,0.0,0,1743073578646,134,0.0
1743073578,0.63117,0.63126,0.0,0,1743073578668,134,0.0
1743073579,0.63116,0.63125,0.0,0,1743073579722,134,0.0
1743073586,0.63115,0.63124,0.0,0,1743073586990,134,0.0
1743073589,0.63116,0.63125,0.0,0,1743073589920,134,0.0
1743073590,0.63118,0.63127,0.0,0,1743073590137,134,0.0
1743073590,0.63119,0.63128,0.0,0,1743073590180,134,0.0
1743073594,0.6312,0.63129,0.0,0,1743073594986,134,0.0
1743073596,0.63119,0.63128,0.0,0,1743073596017,134,0.0
1743073597,0.6312,0.63129,0.0,0,1743073597596,134,0.0
1743073603,0.63119,0.63128,0.0,0,1743073603447,134,0.0
1743073605,0.63117,0.63126,0.0,0,1743073605200,134,0.0
1743073608,0.63118,0.63127,0.0,0,1743073608687,134,0.0
1743073609,0.63117,0.63126,0.0,0,1743073609708,134,0.0
1743073611,0.63118,0.63127,0.0,0,1743073611724,134,0.0
1743073613,0.63119,0.63128,0.0,0,1743073613683,134,0.0
1743073614,0.6312,0.63129,0.0,0,1743073614731,134,0.0
1743073614,0.63121,0.6313,0.0,0,1743073614763,134,0.0
1743073615,0.63123,0.63132,0.0,0,1743073615068,134,0.0
1743073615,0.63124,0.63133,0.0,0,1743073615659,134,0.0
1743073615,0.63125,0.63134,0.0,0,1743073615686,134,0.0
1743073620,0.63126,0.63135,0.0,0,1743073620584,134,0.0
1743073623,0.63127,0.63136,0.0,0,1743073623413,134,0.0
1743073623,0.63129,0.63138,0.0,0,1743073623663,134,0.0
1743073624,0.6313,0.63139,0.0,0,1743073624351,134,0.0
1743073624,0.63132,0.63141,0.0,0,1743073624379,134,0.0
1743073624,0.63133,0.63142,0.0,0,1743073624396,134,0.0
1743073625,0.63134,0.63143,0.0,0,1743073625140,134,0.0
1743073625,0.63136,0.63145,0.0,0,1743073625616,134,0.0
1743073626,0.63138,0.63147,0.0,0,1743073626327,134,0.0
1743073627,0.6314,0.63149,0.0,0,1743073627145,134,0.0
1743073627,0.63143,0.63152,0.0,0,1743073627399,134,0.0
1743073627,0.63144,0.63153,0.0,0,1743073627446,134,0.0
1743073627,0.63142,0.63151,0.0,0,1743073627708,134,0.0
1743073627,0.63141,0.6315,0.0,0,1743073627876,134,0.0
1743073628,0.63142,0.63151,0.0,0,1743073628311,134,0.0
1743073628,0.63143,0.63152,0.0,0,1743073628667,134,0.0
1743073628,0.63145,0.63154,0.0,0,1743073628675,134,0.0
1743073629,0.63144,0.63153,0.0,0,1743073629990,134,0.0
1743073631,0.63145,0.63154,0.0,0,1743073631086,134,0.0
1743073632,0.63144,0.63153,0.0,0,1743073632485,134,0.0
1743073633,0.63143,0.63152,0.0,0,1743073633492,134,0.0
1743073633,0.63142,0.63151,0.0,0,1743073633585,134,0.0
1743073637,0.63141,0.6315,0.0,0,1743073637627,134,0.0
1743073639,0.6314,0.63149,0.0,0,1743073639685,134,0.0
1743073644,0.63141,0.6315,0.0,0,1743073644321,134,0.0
1743073645,0.6314,0.63149,0.0,0,1743073645411,134,0.0
1743073647,0.63142,0.63151,0.0,0,1743073647125,134,0.0
1743073651,0.63141,0.6315,0.0,0,1743073651543,134,0.0
1743073652,0.6314,0.63149,0.0,0,1743073652557,134,0.0
1743073652,0.63139,0.63148,0.0,0,1743073652963,134,0.0
1743073654,0.63138,0.63147,0.0,0,1743073654109,134,0.0
1743073657,0.63137,0.63146,0.0,0,1743073657456,134,0.0
1743073657,0.63136,0.63145,0.0,0,1743073657745,134,0.0
1743073659,0.63135,0.63144,0.0,0,1743073659515,134,0.0
1743073665,0.63134,0.63143,0.0,0,1743073665633,134,0.0
1743073672,0.63135,0.63144,0.0,0,1743073672399,134,0.0
1743073676,0.63134,0.63143,0.0,0,1743073676162,134,0.0
1743073680,0.63132,0.63141,0.0,0,1743073680201,134,0.0
1743073680,0.63131,0.6314,0.0,0,1743073680686,134,0.0
1743073683,0.63132,0.63141,0.0,0,1743073683498,134,0.0
1743073683,0.63133,0.63142,0.0,0,1743073683615,134,0.0
1743073685,0.63134,0.63143,0.0,0,1743073685223,134,0.0
1743073695,0.63136,0.63145,0.0,0,1743073695112,134,0.0
1743073695,0.63137,0.63146,0.0,0,1743073695133,134,0.0
1743073696,0.63138,0.63147,0.0,0,1743073696137,134,0.0
1743073697,0.63137,0.63146,0.0,0,1743073697354,134,0.0
1743073698,0.63138,0.63147,0.0,0,1743073698142,134,0.0
1743073700,0.63137,0.63146,0.0,0,1743073700704,134,0.0
1743073701,0.63136,0.63145,0.0,0,1743073701834,134,0.0
1743073703,0.63137,0.63146,0.0,0,1743073703930,134,0.0
1743073705,0.63136,0.63145,0.0,0,1743073705337,134,0.0
1743073708,0.63135,0.63144,0.0,0,1743073708475,134,0.0
1743073712,0.63136,0.63145,0.0,0,1743073712003,134,0.0
1743073718,0.63137,0.63146,0.0,0,1743073718519,134,0.0
1743073721,0.63136,0.63145,0.0,0,1743073721667,134,0.0
1743073724,0.63138,0.63147,0.0,0,1743073724634,134,0.0
1743073724,0.63139,0.63148,0.0,0,1743073724661,134,0.0
1743073724,0.6314,0.63149,0.0,0,1743073724686,134,0.0
1743073724,0.63142,0.63151,0.0,0,1743073724876,134,0.0
1743073727,0.63141,0.6315,0.0,0,1743073727063,134,0.0
1743073729,0.63142,0.63151,0.0,0,1743073729255,134,0.0
1743073732,0.63141,0.6315,0.0,0,1743073732448,134,0.0
1743073734,0.63142,0.63151,0.0,0,1743073734090,134,0.0
1743073740,0.63142,0.63151,0.0,0,1743073740002,130,0.0
1743073741,0.63141,0.6315,0.0,0,1743073741130,134,0.0
1743073742,0.63142,0.63151,0.0,0,1743073742163,134,0.0
1743073743,0.6314,0.63149,0.0,0,1743073743191,134,0.0
1743073744,0.63141,0.6315,0.0,0,1743073744431,134,0.0
1743073748,0.63142,0.63151,0.0,0,1743073748182,134,0.0
1743073751,0.63143,0.63152,0.0,0,1743073751263,134,0.0
1743073751,0.63145,0.63154,0.0,0,1743073751276,134,0.0
1743073751,0.63147,0.63156,0.0,0,1743073751295,134,0.0
1743073751,0.63148,0.63157,0.0,0,1743073751312,134,0.0
1743073751,0.63149,0.63158,0.0,0,1743073751529,134,0.0
1743073752,0.63152,0.63161,0.0,0,1743073752332,134,0.0
1743073754,0.63153,0.63162,0.0,0,1743073754516,134,0.0
1743073755,0.63151,0.6316,0.0,0,1743073755270,134,0.0
1743073756,0.6315,0.63159,0.0,0,1743073756643,134,0.0
1743073757,0.63152,0.63161,0.0,0,1743073757745,134,0.0
1743073757,0.63153,0.63162,0.0,0,1743073757786,134,0.0
1743073757,0.63155,0.63164,0.0,0,1743073757877,134,0.0
1743073761,0.63156,0.63165,0.0,0,1743073761933,134,0.0
1743073763,0.63154,0.63163,0.0,0,1743073763121,134,0.0
1743073767,0.63152,0.63161,0.0,0,1743073767015,134,0.0
1743073768,0.63151,0.6316,0.0,0,1743073768158,134,0.0
1743073776,0.63152,0.63161,0.0,0,1743073776988,134,0.0
1743073777,0.63153,0.63162,0.0,0,1743073777024,134,0.0
1743073778,0.63152,0.63161,0.0,0,1743073778041,134,0.0
1743073781,0.63153,0.63162,0.0,0,1743073781022,134,0.0
1743073789,0.63152,0.63161,0.0,0,1743073789178,134,0.0
1743073790,0.63151,0.6316,0.0,0,1743073790188,134,0.0
1743073794,0.63152,0.63161,0.0,0,1743073794093,134,0.0
1743073800,0.63151,0.6316,0.0,0,1743073800239,134,0.0
1743073804,0.63149,0.63158,0.0,0,1743073804722,134,0.0
1743073806,0.63148,0.63157,0.0,0,1743073806027,134,0.0
1743073811,0.63149,0.63158,0.0,0,1743073811159,134,0.0
1743073811,0.63151,0.6316,0.0,0,1743073811177,134,0.0
1743073814,0.6315,0.63159,0.0,0,1743073814205,134,0.0
1743073815,0.63149,0.63158,0.0,0,1743073815656,134,0.0
1743073819,0.63148,0.63157,0.0,0,1743073819288,134,0.0
1743073819,0.6315,0.63159,0.0,0,1743073819808,134,0.0
1743073822,0.63151,0.6316,0.0,0,1743073822369,134,0.0
1743073826,0.63152,0.63161,0.0,0,1743073826464,134,0.0
1743073828,0.6315,0.63159,0.0,0,1743073828485,134,0.0
1743073828,0.63149,0.63158,0.0,0,1743073828537,134,0.0
1743073828,0.63147,0.63156,0.0,0,1743073828815,134,0.0
1743073829,0.63148,0.63157,0.0,0,1743073829837,134,0.0
1743073833,0.63147,0.63156,0.0,0,1743073833282,134,0.0
1743073833,0.63149,0.63158,0.0,0,1743073833963,134,0.0
1743073835,0.6315,0.63159,0.0,0,1743073835102,134,0.0
1743073837,0.63149,0.63158,0.0,0,1743073837265,134,0.0
1743073841,0.6315,0.63159,0.0,0,1743073841386,134,0.0
1743073841,0.63149,0.63158,0.0,0,1743073841426,134,0.0
1743073842,0.63148,0.63157,0.0,0,1743073842462,134,0.0
1743073842,0.6315,0.63159,0.0,0,1743073842490,134,0.0
1743073846,0.63149,0.63158,0.0,0,1743073846606,134,0.0
1743073853,0.6315,0.63159,0.0,0,1743073853892,134,0.0
1743073853,0.63152,0.63161,0.0,0,1743073853933,134,0.0
1743073854,0.63153,0.63162,0.0,0,1743073854120,134,0.0
1743073859,0.63154,0.63163,0.0,0,1743073859444,134,0.0
1743073862,0.63155,0.63164,0.0,0,1743073862207,134,0.0
1743073867,0.63153,0.63162,0.0,0,1743073867351,134,0.0
1743073868,0.63152,0.63161,0.0,0,1743073868846,134,0.0
1743073869,0.63151,0.6316,0.0,0,1743073869364,134,0.0
1743073870,0.63149,0.63158,0.0,0,1743073870308,134,0.0
1743073872,0.63148,0.63157,0.0,0,1743073872550,134,0.0
1743073877,0.63147,0.63156,0.0,0,1743073877442,134,0.0
1743073879,0.63148,0.63157,0.0,0,1743073879117,134,0.0
1743073880,0.63149,0.63158,0.0,0,1743073880669,134,0.0
1743073880,0.63151,0.6316,0.0,0,1743073880762,134,0.0
1743073881,0.63149,0.63158,0.0,0,1743073881193,134,0.0
1743073882,0.63148,0.63157,0.0,0,1743073882230,134,0.0
1743073888,0.63147,0.63156,0.0,0,1743073888412,134,0.0
1743073891,0.63146,0.63155,0.0,0,1743073891076,134,0.0
1743073892,0.63148,0.63157,0.0,0,1743073892660,134,0.0
1743073892,0.63149,0.63158,0.0,0,1743073892763,134,0.0
1743073894,0.6315,0.63159,0.0,0,1743073894039,134,0.0
1743073898,0.63148,0.63157,0.0,0,1743073898182,134,0.0
1743073908,0.6315,0.63159,0.0,0,1743073908460,134,0.0
1743073910,0.63149,0.63158,0.0,0,1743073910850,134,0.0
1743073921,0.63149,0.63158,0.0,0,1743073921230,130,0.0
1743073923,0.63148,0.63157,0.0,0,1743073923594,134,0.0
1743073936,0.63147,0.63156,0.0,0,1743073936100,134,0.0
1743073937,0.63146,0.63155,0.0,0,1743073937101,134,0.0
1743073938,0.63145,0.63154,0.0,0,1743073938245,134,0.0
1743073940,0.63146,0.63155,0.0,0,1743073940678,134,0.0
1743073945,0.63144,0.63153,0.0,0,1743073945358,134,0.0
1743073945,0.63143,0.63152,0.0,0,1743073945385,134,0.0
1743073946,0.63141,0.6315,0.0,0,1743073946624,134,0.0
1743073949,0.63143,0.63152,0.0,0,1743073949309,134,0.0
1743073950,0.63142,0.63151,0.0,0,1743073950458,134,0.0
1743073950,0.63141,0.6315,0.0,0,1743073950545,134,0.0
1743073952,0.6314,0.63149,0.0,0,1743073952579,134,0.0
1743073956,0.63142,0.63151,0.0,0,1743073956344,134,0.0
1743073957,0.63141,0.6315,0.0,0,1743073957932,134,0.0
1743073959,0.6314,0.63149,0.0,0,1743073959022,134,0.0
1743073961,0.63139,0.63148,0.0,0,1743073961016,134,0.0
1743073961,0.63137,0.63146,0.0,0,1743073961054,134,0.0
1743073966,0.63135,0.63144,0.0,0,1743073966327,134,0.0
1743073967,0.63134,0.63143,0.0,0,1743073967064,134,0.0
1743073970,0.63133,0.63142,0.0,0,1743073970535,134,0.0
1743073973,0.63132,0.63141,0.0,0,1743073973393,134,0.0
1743073975,0.63133,0.63142,0.0,0,1743073975673,134,0.0
1743073976,0.63134,0.63143,0.0,0,1743073976022,134,0.0
1743073977,0.63135,0.63144,0.0,0,1743073977187,134,0.0
1743073978,0.63136,0.63145,0.0,0,1743073978202,134,0.0
1743073980,0.63135,0.63144,0.0,0,1743073980628,134,0.0
1743073984,0.63136,0.63145,0.0,0,1743073984382,134,0.0
1743073988,0.63135,0.63144,0.0,0,1743073988592,134,0.0
1743073995,0.63136,0.63145,0.0,0,1743073995220,134,0.0
1743073999,0.63135,0.63144,0.0,0,1743073999671,134,0.0
1743074003,0.63134,0.63143,0.0,0,1743074003163,134,0.0
1743074003,0.63133,0.63142,0.0,0,1743074003468,134,0.0
1743074006,0.63134,0.63143,0.0,0,1743074006178,134,0.0
1743074009,0.63133,0.63142,0.0,0,1743074009181,134,0.0
1743074012,0.63132,0.63141,0.0,0,1743074012893,134,0.0
1743074024,0.6313,0.63139,0.0,0,1743074024513,134,0.0
1743074026,0.63129,0.63138,0.0,0,1743074026087,134,0.0
1743074034,0.63131,0.6314,0.0,0,1743074034819,134,0.0
1743074036,0.63132,0.63141,0.0,0,1743074036667,134,0.0
1743074040,0.63133,0.63142,0.0,0,1743074040423,134,0.0
1743074052,0.63131,0.6314,0.0,0,1743074052010,134,0.0
1743074053,0.6313,0.63139,0.0,0,1743074053277,134,0.0
1743074053,0.63128,0.63137,0.0,0,1743074053851,134,0.0
1743074057,0.63127,0.63136,0.0,0,1743074057253,134,0.0
1743074060,0.63128,0.63137,0.0,0,1743074060962,134,0.0
1743074061,0.6313,0.63139,0.0,0,1743074061064,134,0.0
1743074061,0.63131,0.6314,0.0,0,1743074061264,134,0.0
1743074062,0.6313,0.63139,0.0,0,1743074062818,134,0.0
1743074064,0.63129,0.63138,0.0,0,1743074064003,134,0.0
1743074069,0.63131,0.6314,0.0,0,1743074069090,134,0.0
1743074072,0.63133,0.63142,0.0,0,1743074072653,134,0.0
1743074074,0.63134,0.63143,0.0,0,1743074074140,134,0.0
1743074076,0.63133,0.63142,0.0,0,1743074076683,134,0.0
1743074078,0.63134,0.63143,0.0,0,1743074078579,134,0.0
1743074078,0.63136,0.63145,0.0,0,1743074078604,134,0.0
1743074079,0.63137,0.63146,0.0,0,1743074079947,134,0.0
1743074080,0.63138,0.63147,0.0,0,1743074080125,134,0.0
1743074080,0.6314,0.63149,0.0,0,1743074080435,134,0.0
1743074082,0.63142,0.63151,0.0,0,1743074082330,134,0.0
1743074083,0.63143,0.63152,0.0,0,1743074083432,134,0.0
1743074084,0.63144,0.63153,0.0,0,1743074084809,134,0.0
1743074090,0.63145,0.63154,0.0,0,1743074090181,134,0.0
1743074100,0.63145,0.63154,0.0,0,1743074100130,130,0.0
1743074101,0.63146,0.63155,0.0,0,1743074101432,134,0.0
1743074111,0.63145,0.63154,0.0,0,1743074111389,134,0.0
1743074111,0.63143,0.63152,0.0,0,1743074111808,134,0.0
1743074118,0.63142,0.63151,0.0,0,1743074118907,134,0.0
1743074123,0.63141,0.6315,0.0,0,1743074123744,134,0.0
1743074131,0.63142,0.63151,0.0,0,1743074131685,134,0.0
1743074134,0.63141,0.6315,0.0,0,1743074134068,134,0.0
1743074136,0.63142,0.63151,0.0,0,1743074136514,134,0.0
1743074139,0.6314,0.63149,0.0,0,1743074139346,134,0.0
1743074139,0.63139,0.63148,0.0,0,1743074139437,134,0.0
1743074140,0.63138,0.63147,0.0,0,1743074140561,134,0.0
1743074141,0.63139,0.63148,0.0,0,1743074141679,134,0.0
1743074144,0.63138,0.63147,0.0,0,1743074144937,134,0.0
1743074146,0.63139,0.63148,0.0,0,1743074146939,134,0.0
1743074149,0.63141,0.6315,0.0,0,1743074149878,134,0.0
1743074150,0.63139,0.63148,0.0,0,1743074150645,134,0.0
1743074151,0.63138,0.63147,0.0,0,1743074151130,134,0.0
1743074160,0.63138,0.63147,0.0,0,1743074160133,130,0.0
1743074161,0.63137,0.63146,0.0,0,1743074161232,134,0.0
1743074163,0.63136,0.63145,0.0,0,1743074163688,134,0.0
1743074164,0.63137,0.63146,0.0,0,1743074164799,134,0.0
1743074166,0.63136,0.63145,0.0,0,1743074166014,134,0.0
1743074169,0.63137,0.63146,0.0,0,1743074169092,134,0.0
1743074169,0.63138,0.63147,0.0,0,1743074169824,134,0.0
1743074169,0.6314,0.63149,0.0,0,1743074169846,134,0.0
1743074169,0.63142,0.63151,0.0,0,1743074169899,134,0.0
1743074183,0.63141,0.6315,0.0,0,1743074183535,134,0.0
